3106 5040
274 443 350 503 Pace
376 440 447 517 alcjs
475 439 596 498 dixerim
622 435 670 513 (cs.
692 439 818 514 Zumptii
841 438 975 498 Gramm.
999 437 1065 497 Lat.
1089 435 1109 514 ξ
1131 437 1204 515 527),
1232 456 1309 515 quae
1334 439 1452 501 locutio

188 545 303 622 Vellejo
325 545 354 603 in
372 542 482 603 deliciis
503 548 556 611 est,
579 539 617 598 cs.
642 557 664 609 1,
687 554 713 614 7,
736 554 768 612 4;
793 555 814 610 1,
839 553 879 612 17,
902 554 934 614 3;
957 557 982 610 2,
1007 555 1067 614 129,
1091 556 1119 614 5.

274 646 396 704 Penates
417 643 614 718 metonymice
637 640 740 699 dicitur
762 659 817 716 pro
838 641 954 699 aedibus
971 657 996 711 2,
1020 656 1066 716 74,
1089 658 1121 715 4:
1145 643 1276 719 subjecto
1298 642 1387 702 rebus
1410 660 1451 702 ac

189 748 345 825 penatibus
368 746 439 820 igni.
484 744 529 803 Cf.
553 742 614 802 Cic.
636 760 690 818 pro
713 742 800 802 Rosc.
823 743 923 803 Amet.
946 741 973 813 8,
996 743 1135 817 25;‹Liv.,
1154 742 1243 824 Curt,
1262 745 1336 831 Tac.

276 848 331 907 Ex
348 858 474 922 persana
498 863 524 915 1,
548 861 579 921 3,
601 860 617 902 2
640 853 670 904 et
691 861 721 919 5;
746 843 805 903 Cic.
829 844 866 905 de
888 845 945 904 inv.
970 862 996 916 1,
1019 859 1066 921 52,
1087 863 1142 923 ,99;
1171 842 1247 906 Geli.
1272 863 1320 918 1ο,
1343 863 1391 917 22,
1418 863 1448 918 r;

190 950 274 1011 Lact.
302 949 371 1026 epit.
399 946 451 1022 48,
479 961 558 1021 7-
585 947 637 1004 snb
662 957 790 1023 persana
814 963 840 1016 1,
863 964 893 1021 3,
917 962 945 1017 2;
977 947 1055 1008 Suet.
1086 948 1175 1008 Dom.
1209 964 1258 1019 10;
1290 949 1367 1008 Gell.
1399 965 1447 1019 10,

189 1067 236 1123 22,
259 1067 308 1135 ²4³
334 1067 379 1125 13,
401 1065 436 1124 23
459 1046 518 1124 (22),
543 1065 580 1107 11.
620 1047 665 1107 ct.
689 1047 948 1126 Krebs-Allgayer,
972 1049 1123 1121 Antibarb.
1146 1051 1191 1110 ed.
1215 1050 1252 1108 V.
1276 1068 1305 1126 p.
1328 1049 1391 1126 855.

275 1151 389 1211 Plastcs
410 1169 479 1210 eum
502 1150 658 1225 significat,
681 1150 733 1225 qui
758 1166 830 1208 vasa
851 1149 897 1208 vel
920 1157 1033 1209 statuas
1056 1151 1151 1210 aliave
1173 1169 1264 1228 opera
1285 1170 1321 1210 ex
1340 1153 1451 1227 argilla

188 1263 218 1314 et
240 1272 335 1330 gypso
357 1254 441 1328 fingit
464 1270 485 1322 1,
510 1265 550 1327 17,
573 1268 605 1325 4:
628 1251 784 1310 hoc'idem
807 1251 939 1311 evenisse
961 1253 1170 1327 grammaticis,
1193 1254 1304 1330 plastis,
1327 1255 1448 1329 pictori·

189 1357 253 1427 bus,
275 1353 469 1431 scalptoribus
491 1350 573 1427 (Vitr.
598 1370 620 1423 1,
645 1371 666 1421 1,
692 1368 736 1426 13;
760 1351 833 1410 Plin.
857 1353 936 1429 maj.,
959 1349 1089 1431 postea).

274 1456 413 1515 Recersns
434 1454 539 1531 plurali
565 1471 637 1513 casu
659 1471 746 1523 sensu
768 1461 907 1512 concreto
933 1473 987 1530 pro
1008 1457 1066 1513 laea
1093 1463 1209 1527 remota,
1231 1457 1340 1516 latebra
1363 1458 1451 1532 poni·

189 1568 236 1618 tur
258 1575 288 1630 2,
311 1573 358 1632 32,
382 1573 414 1629 4:
443 1555 589 1631 descripto
611 1556 641 1615 in
664 1555 759 1613 omnis
786 1572 919 1614 recessus
942 1558 1031 1616 maris
1058 1557 1204 1632 praesidio
1226 1556 1291 1633 (Ov.
1314 1560 1448 1634 saepius;

189 1656 254 1719 Liv.
277 1659 327 1735 38,
349 1674 399 1734 45,
423 1653 462 1734 9).
498 1655 659 1732 Singularis
682 1673 821 1715 numerus
843 1657 928 1734 hujus
949 1659 1029 1717 vocis
1050 1666 1146 1718 exstat
1168 1659 1446 1735 apud-Ciceronem

189 1760 239 1841 (ad
261 1763 320 1822 Att.
345 1776 383 1832 12,
406 1758 443 1818 26
467 1755 486 1834 ξ
508 1773 533 1826 2,
556 1757 671 1832 corrige
692 1752 863 1834 Klotzium),
884 1757 1007 1825 Livium,
1031 1759 1114 1818 alios.

275 1864 417 1940 Regimen
440 1868 514 1919 teste
535 1858 625 1918 Festo
646 1878 675 1934 p.
698 1859 751 1934 278
773 1856 818 1934 (ὁ),
847 1876 863 1934 3
887 1860 933 1918 ed.
961 1860 1085 1920 Mueller
1107 1879 1160 1937 pro
1183 1864 1337 1938 regimenta
1359 1881 1446 1922 usur·

189 1976 275 2044 patur
297 1984 316 2025 a
338 1964 441 2041 poetis.
486 1960 633 2020 Concreto
660 1978 749 2019 sensu
772 1962 862 2020 semel
885 1962 965 2038 apud
988 1960 1126 2020 Ovidium
1149 1959 1226 2038 (met.
1250 1979 1281 2037 3,
1303 1959 1368 2040 595)
1389 1982 1446 2040 pro

116 2088 118 2092 ·
184 2068 381 2144 gubernacula
404 2067 487 2125 navis
509 2071 616 2124 exstat.
660 2064 779 2123 Solutae
801 2066 941 2125 orationis
964 2066 1139 2141 scriptomm
1161 2067 1272 2142 primus
1294 2066 1447 2141 usurpavit

188 2173 315 2245 regemen
338 2169 436 2226 Livius
458 2164 495 2242 (3,
517 2184 563 2241 33,
586 2180 615 2242 7;
638 2182 666 2239 4,
690 2182 733 2241 31,
757 2166 790 2242 5),
814 2167 920 2226 deinde
938 2166 1068 2244 Vellejus
1091 2184 1115 2237 2,
1139 2167 1183 2242 85,
1207 2183 1236 2226 2:
1259 2166 1360 2226 classis
1383 2169 1447 2226 An·

155 2328 158 2333 .
187 2272 249 2330 toni
272 2271 405 2343 regimen
427 2267 596 2326 Publicolae
614 2266 757 2344 Sosioque
779 2267 969 2326 commissum
989 2265 1067 2344 (Val.
1086 2267 1177 2339 Max,
1201 2268 1284 2339 Tac,
1303 2268 1339 2327 cf.
1358 2268 1448 2328 Boet-

187 2371 256 2430 ticlr.
279 2371 363 2430 lexic.
386 2388 414 2445 p.
438 2364 517 2445 405).
1376 2379 1377 2383 ’

273 2471 423 2530 Romanae
449 2471 517 2529 fem.
541 2470 614 2545 plur.
638 2470 729 2529 subst.
754 2470 829 2528 Vell.
852 2487 882 2541 2,
906 2484 952 2546 75,
978 2488 1009 2546 5;
1038 2473 1143 2548 singul.
1171 2472 1266 2535 forma
1288 2473 1448 2544 ,Romana‘

125 2566 130 2574 ’
188 2575 249 2634 Liv.
275 2592 296 2644 1,
319 2572 364 2645 26,
388 2590 416 2647 4.

273 2677 479 2736 Rndr'nzentnm
497 2675 623 2751 primum
642 2655 817 2751 principium
839 2675 992 2751 cujuslibet
1011 2675 1081 2734 artis
1100 2677 1144 2735 vel
1164 2677 1334 2754 disciplinae
1353 2679 1447 2753 ¹signi·

188 2779 257 2836 ficat
278 2793 303 2846 2,
329 2792 387 2851 129,
410 2793 440 2835 2:
468 2774 682 2834 Germanicum
705 2776 850 2834 imbutum
874 2776 1045 2835 rudimentis
1068 2777 1188 2836 militiae
1211 2779 1320 2855 recepit
1341 2777 1445 2853 (Poet,

186 2878 258 2949 Liv,
282 2874 408 2953 postem).
709 2947 712 2952 Α

276 2978 453 3054 Samplieitas
480 2977 689 3052 praeeuntibus
717 2975 822 3035 Ovidio
850 2986 879 3036 et
900 2977 984 3036 Livio
1010 2996 1066 3036 vox
1092 2979 1281 3041 usitatissima
1307 2987 1350 3041 est
1376 2983 1447 3041 inde

191 3101 210 3140 a
235 3081 350 3157 Vellejo
376 3079 518 3139 translata
543 3079 756 3154 significatione
777 3097 831 3154 pro
853 3079 1008 3153 prolatata,
1036 3083 1152 3141 aerrtate
1173 3084 1270 3161 posita
1291 3098 1319 3154 2,
1345 3099 1391 3154 10,
1415 3100 1445 3142 2:

189 3182 393 3242 nobilissimae
411 3180 617 3257 simplicitatis3
636 3185 670 3249 '2,
694 3196 748 3254 43,
772 3196 804 3253 4:
828 3180 958 3239 humana
980 3182 1162 3257 simplicitas;
1186 3199 1214 3253 2,
1238 3197 1284 3259 72,
1307 3200 1339 3258 5:
1363 3186 1448 3243 nobi·

188 3284 317 3343 lissimae
340 3282 546 3358 simplicitatis;
574 3296 603 3351 2,
634 3297 694 3357 125,
718 3297 748 3356 5:
776 3282 966 3357 simplicitatis
993 3285 1237 3358 generosissimae
1263 3281 1339 3358 (Val.
1362 3284 1444 3344 Max.

187 3399 212 3454 2,
236 3394 262 3459 5,
285 3399 314 3458 5;
338 3383 464 3459 postem).

280 3483 538 3559 Temperamentnm
561 3503 615 3560 pro
638 3487 833 3561 temperatione
856 3486 935 3561 apud
954 3489 1080 3563 optimos
1103 3488 1257 3563 scriptores
1278 3488 1370 3547 rarius
1392 3506 1445 3564 po-

189 3587 266 3646 nitur
287 3584 333 3661 (cs.
358 3585 418 3645 Cic.
440 3586 477 3644 de
503 3587 582 3660 legg.
606 3602 634 3661 3,
659 3602 702 3655 10,
726 3585 779 3661 24),
803 3605 821 3645 a
843 3589 1052 3662 posterioribus
1076 3589 1283 3665 frequentatur.
1320 3591 1396 3650 Veli.
1419 3606 1446 3661 2,

191 3704 258 3762 150,
284 3704 309 3745 1:
342 3705 433 3763 quam
459 3687 618 3762 magnifico
641 3688 730 3745 animi
758 3698 993 3765 temperamento
1016 3690 1147 3768 Pompeji
1174 3710 1298 3751 munera
1325 3694 1446 3752 instituit

188 3787 271 3864 (Col,
294 3790 367 3850 Plin.
390 3792 468 3868 maj.,
491 3790 575 3859 Tac,
599 3785 692 3866 Just).

280 3894 437 3967 Tempestas
463 3900 617 3968 poetarum
645 3911 727 3952 more
749 3909 802 3968 pro
829 3900 961 3967 tempora,
989 3903 1022 3953 ut
1049 3895 1220 3972 saepissime
1246 3896 1324 3972 apud
1351 3894 1445 3954 Sallu·

190 3995 277 4054 stium
301 4002 331 4053 et
352 3995 476 4064 Livium,
499 4000 594 4054 exstat
619 4010 641 4063 1,
664 4009 689 4064 2,
713 4009 743 4068 3;
774 4011 795 4064 1,
818 3993 844 4064 8,
869 3994 901 4064 (1;
923 4011 949 4064 2,
973 3995 1019 4069 78,
1043 4013 1068 4070 3.
1109 3997 1153 4056 Cl.
1175 3980 1444 4072 Krebs·Allgayer,

192 4097 345 4155 Antibarb.
369 4096 415 4155 ed.
439 4097 476 4154 V.
495 4116 523 4173 p.
547 4111 622 4171 1129.

279 4198 393 4257 thnlns
414 4198 553 4257 translate
575 4213 629 4273 pro
645 4201 810 4270 praetextu,
833 4198 920 4270 specte
942 4207 1099 4274 usurpatur
1116 4216 1140 4269 2,
1160 4213 1205 4274 45,
1228 4215 1261 4271 4:
1283 4198 1347 4257 sub·
1360 4197 1445 4255 titulo

189 4300 330 4359 ministeri
356 4300 398 4358 Μ.
423 4298 568 4378 Catonem
591 4316 609 4355 a
630 4297 781 4373 republica
809 4298 949 4372 relegavit
972 4296 1053 4376 (On,
1077 4302 1177 4375 Verg„
1200 4300 1260 4358 Liv.
1283 4315 1313 4372 3,
1333 4298 1382 4374 67,
1407 4297 1444 4377 9).

279 4400 368 4472 Ultio,
400 4420 459 4478 qua
490 4419 562 4460 voce
587 4401 685 4459 Livius
715 4399 825 4474 primus
851 4400 965 4461 videtur
991 4419 1060 4461 usus
1087 4419 1163 4470 esse,
1191 4418 1209 4459 a
1236 4403 1446 4476 posterioribus
