3106 5040
231 480 390 539 Assentatio
413 479 443 537 in
466 481 575 537 bonam
598 484 712 552 partem
736 477 838 537 dicitur
859 495 914 553 pro
936 480 1104 548 assensione,
1126 480 1362 537 commendatione
1380 496 1406 552 2,
1445 503 1448 507 ’

149 581 205 652 128,
229 598 259 655 3:
283 582 332 656 qui
357 579 397 640 lll.
415 578 514 638 Tullio
537 586 653 637 tantum
671 579 807 650 tribuere,
831 587 862 638 ut
880 597 976 655 paene
999 580 1197 641 assentatione
1219 596 1273 638 sua
1295 580 1406 656 quibus

147 683 233 744 vellet
254 683 433 759 principatus
455 679 626 740 conciliaret
647 678 733 754 (Petr.
758 694 797 756 17,
822 677 853 755 1).

230 787 478 844 Auctoranentun
497 781 577 857 apud
596 781 771 841 Ciceronem
787 789 957 841 contractus
975 791 1027 853 est,
1050 801 1109 860 quo
1131 785 1196 859 quis
1215 802 1248 842 se
1266 783 1406 844 mercede

145 896 234 963 pacta
261 886 299 945 ad
326 882 435 961 aliquid
461 883 540 942 velut
562 883 601 941 ad
623 882 708 942 ludos
736 882 927 958 gladiatorios
954 884 1066 959 obligat
1089 880 1137 961 (ci.
1160 884 1221 944 Cic.
1246 884 1283 944 de
1305 886 1356 944 off.
1382 902 1405 955 1,

145 1003 190 1062 42,
215 984 288 1064 15ο);
321 985 462 1045 translate
484 984 601 1061 ponitur
623 1002 677 1060 pro
703 1002 892 1062 quocumque
919 987 1051 1062 praemio
1078 996 1130 1045 aut
1151 988 1260 1062 pretio,
1287 1004 1406 1063 quase

144 1091 208 1166 quis
230 1088 270 1149 ad
291 1086 522 1147 interficiendum
545 1085 657 1145 addixit
679 1102 703 1157 2,
727 1087 774 1157 28,
797 1103 829 1161 3:
851 1088 881 1146 in
904 1104 940 1146 ea
960 1087 1085 1165 jugulati
1108 1089 1177 1146 civis
1198 1085 1327 1147 Romani
1349 1107 1406 1164 pu·

143 1191 218 1250 blice
240 1190 464 1249 constitueretur
489 1195 747 1249 auctoramentum
775 1196 805 1248 et
827 1203 856 1259 2,
885 1187 937 1258 66,
964 1205 996 1263 3:
1027 1195 1254 1248 auctoramento
1285 1188 1404 1248 funebri

143 1290 332 1367 (Germanice
361 1289 485 1350 dicimus
517 1288 696 1365 ‚Blutgeld‘l
728 1288 767 1349 ad
797 1291 1011 1351 conservatoris
1042 1289 1194 1367 quondam
1224 1284 1405 1367 reipublicae

145 1395 277 1472 tantique
299 1392 426 1452 consulis
449 1373 601 1450 invitando
624 1408 729 1449 necem
751 1389 828 1465 (Sen.
853 1391 931 1466 phil,
954 1391 1051 1469 Suet).

233 1493 351 1552 Candor
373 1511 426 1568 per
448 1492 671 1552 translationem
693 1492 796 1551 dicitur
818 1511 871 1568 pro
893 1494 988 1552 ananei
1006 1495 1192 1568 simplicitate,
1216 1493 1404 1552 benevolentia

148 1612 176 1665 2,
202 1593 264 1664 116,
286 1611 316 1668 5:
344 1611 441 1670 neque
465 1595 557 1671 justus
585 1593 648 1652 sine
675 1591 831 1653 mendacio
854 1594 967 1653 candor
993 1595 1072 1671 apud
1099 1596 1194 1654 bonos
1222 1596 1335 1654 crimini
1358 1603 1404 1660 est

84 1679 89 1683 ’
147 1693 487 1771 (0v.,1³nn.pan.s4).

237 1796 347 1873 Capsus
375 1805 419 1855 e'st
442 1796 521 1872 apud
545 1796 709 1855 Vitruvium
737 1814 775 1854 ea
801 1813 869 1872 pars
892 1795 994 1865 redae,
1026 1795 1057 1853 in
1083 1814 1142 1871 qua
1169 1799 1218 1873 qui
1249 1806 1404 1857 vectantur

147 1899 259 1968 sedent,
283 1899 362 1974 apud
386 1899 530 1975 Vellejum
553 1907 689 1974 saeptum
711 1898 832 1958 sudibus
855 1899 979 1969 sactum,
1003 1916 1062 1975 quo
1084 1898 1222 1957 animalia
1249 1900 1404 1958 coutinen-

148 2008 194 2058 tur
217 2017 243 2070 1,
268 1999 315 2070 16,
338 2016 369 2058 2:
396 2001 648 2076 quemadmodum
675 2000 778 2061 clausa
801 2017 892 2076 capso
919 2001 1012 2060 aliove
1035 2009 1138 2076 saepto
1161 2001 1264 2061 diversi
1286 2003 1404 2076 generis

147 2099 287 2162 animalia
308 2110 537 2177 congregantur.

66 2190 68 2195 ’
233 2203 296 2260 Pro
318 2209 401 2277 captu
423 2219 491 2289 prof
517 2204 627 2274 habitu,
651 2209 758 2264 natura
783 2203 887 2262 dicitur
908 2218 937 2272 2,
967 2219 1036 2275 104,
1064 2218 1095 2277 3:
1127 2203 1403 2264 caelestissimorum

108 2350 110 2355 .
148 2304 209 2381 ejus
230 2301 341 2379 (Tiberi
373 2302 517 2378 Caesaris)
543 2322 664 2380 operum
687 2313 834 2379 spectator
855 2314 885 2364 et
907 2323 960 2381 pro
979 2312 1068 2381 captu
1091 2305 1298 2365 mediocritatis
1320 2306 1405 2384 adju·

147 2412 194 2463 tor
216 2405 256 2462 sui
277 2402 353 2476 (Seu.
377 2406 413 2464 de
436 2404 521 2463 clem.
546 2423 571 2477 1,
596 2423 643 2481 19,
667 2423 695 2474 2;
720 2406 795 2465 Gell.
820 2423 845 2476 1,
869 2423 901 2482 9,
920 2423 951 2481 3;
980 2405 1084 2484 Velleji
1111 2414 1140 2465 et
1164 2407 1293 2466 Senecae
1320 2407 1402 2466 locos

148 2504 225 2565 adde
246 2506 329 2565 lexic.
348 2505 477 2583 Latinis).
512 2493 633 2568 Classici
653 2508 808 2583 scriptores
825 2509 882 2567 hoc
900 2509 1044 2568 vocabulo
1066 2527 1127 2567 non
1149 2515 1276 2579 utuntur,
1299 2507 1354 2566 nisi
1372 2508 1403 2566 in

148 2608 288 2684 loquendi
310 2607 451 2668 formula:
474 2615 508 2666 ut
526 2617 625 2684 captus
646 2618 688 2668 est
708 2619 849 2687 sequente
871 2590 1000 2686 genitivo
1022 2610 1127 2686 plural.
1151 2609 1231 2687 (Cic,
1246 2595 1358 2684 Caes).

237 2708 367 2768 Censura
389 2728 441 2786 pro
461 2711 577 2786 judicio
599 2713 718 2786 ponitur
735 2728 764 2782 2,
780 2712 838 2787 36,
862 2729 899 2787 3:
917 2730 987 2770 nam
1009 2713 1140 2770 vivorum
1163 2720 1195 2768 ut
1217 2730 1328 2786 magna
1351 2711 1404 2770 ad-

148 2807 278 2879 miratio,
310 2811 351 2867 ita
378 2826 503 2869 censura
531 2810 654 2870 difficilis
688 2820 732 2871 est
759 2809 835 2886 (Seu.
862 2830 922 2888 ep,
954 2813 1028 2871 Plin.
1055 2814 1136 2890 maj.,
1169 2812 1285 2889 Juven,
1318 2812 1402 2882 Gell.,

149 2905 254 2985 Apul).
298 2911 385 2985 Apud
412 2917 525 2970 veteres
551 2910 707 2987 scriptores
733 2911 809 2970 haec
834 2929 891 2970 vox
919 2929 1034 2987 semper
1061 2913 1098 2971 de
1123 2930 1247 2972 munere
1269 2913 1403 2973 censorio

149 3010 259 3069 dicitur.

238 3110 398 3187 Confiniurn
427 3114 466 3172 ab
488 3114 606 3190 optimis
630 3112 820 3190 scriptoribus
843 3125 959 3176 tantum
986 3119 1103 3195 propria
1130 3118 1341 3193 significatione
1364 3117 1400 3174 de
1487 3145 1488 3149 ,

147 3215 279 3274 terminis
301 3216 331 3273 in
353 3216 479 3291 praediis
501 3216 614 3275 rusticis
636 3219 770 3293 usurpari
793 3218 876 3278 solet.
916 3220 1035 3291 Poetae,
1059 3227 1091 3277 ut
1114 3218 1243 3287 Ovidius,
1266 3215 1305 3272 ad
1328 3223 1403 3272 tem·

148 3333 202 3390 pus
220 3317 430 3378 transtulerunt
453 3335 538 3378 usum
560 3318 644 3396 hujus
667 3320 758 3390 vocis;
782 3321 862 3397 apud
882 3318 1018 3381 Cornific.
1040 3320 1079 3380 ad
1100 3319 1231 3376 Herenn.
1254 3332 1282 3388 4,
1307 3332 1343 3385 ΙΙ,
1368 3315 1401 3375 16

149 3417 284 3492 primurn,
307 3417 414 3477 deinde
438 3421 517 3496 apud
540 3422 704 3496 scriptores,
728 3423 776 3498 qui
794 3431 861 3498 post
879 3424 1005 3496 Augusti
1027 3420 1137 3479 obitum
1161 3417 1286 3486 suerunt,
1309 3423 1404 3476 trans·

150 3520 209 3576 late
233 3520 270 3578 de
293 3520 355 3579 aliis
378 3523 465 3580 rebus
488 3523 572 3600 quasi
596 3524 696 3582 vicinis
719 3524 834 3591 dicitur,
857 3521 1034 3580 velut‘Vell.
1057 3535 1086 3588 2,
1111 3533 1173 3591 12'4,
1199 3535 1224 3576 1:
1257 3519 1286 3577 in
1313 3538 1403 3596 quam

151 3627 235 3678 arcto
263 3622 364 3682 salutis
387 3623 513 3699 exitique
541 3624 648 3682 suimus
675 3624 802 3681 confinio
823 3620 899 3695 (Sen.
918 3639 972 3697 ep,
992 3620 1103 3692 Quint,
1121 3620 1206 3692 Tac,
1224 3620 1297 3680 Plin.
1316 3620 1406 3698 pan).

238 3719 379 3799 Confusio
406 3742 459 3799 pro
484 3725 700 3799 perturbatione
724 3725 820 3781 aurini
843 3721 946 3780 dicitur
972 3738 1002 3791 2,
1031 3737 1092 3796 124,
1124 3739 1149 3781 1:
1181 3741 1258 3799 quae
1285 3733 1404 3783 senatus

149 3823 313 3898 trepidatio,
337 3843 415 3901 quae
436 3827 537 3902 populi
560 3824 692 3883 confusio
709 3823 785 3898 (l'al.
803 3823 896 3892 Max,
915 3822 1005 3894 Tac„
1028 3825 1100 3883 Plin.
1119 3827 1203 3895 min.;
1227 3807 1331 3885 Cicero
1349 3828 1405 3884 hac

150 3941 222 3982 voce
244 3940 360 4000 semper
382 3928 471 3986 utitur
494 3945 548 4002 pro
569 3927 771 4002 conjunctione,
789 3927 1002 4002 perseeutione).

240 4024 389 4085 Convictus
420 4028 499 4102 apud
533 4027 705 4084 Ciceronem
736 4029 973 4097 consuetudinem,
1008 4031 1219 4089 contubernium
1251 4029 1403 4104 significat,

154 4128 233 4203 apud
253 4128 406 4203 scriptores
428 4136 595 4202 argenteae,
618 4127 696 4202 qua'e
714 4135 844 4197 vocatur,
868 4131 973 4188 aetatis
995 4149 1049 4206 pro
1067 4134 1192 4190 eorznziu'o
1211 4131 1335 4206 ponitur,
1358 4145 1407 4186 ve·

151 4229 194 4285 lut
217 4227 291 4284 Vell.
310 4245 335 4297 2,
354 4244 399 4302 33,
419 4245 452 4300 4:
475 4227 613 4286 Lu‘cullus
636 4230 774 4303 profusae
797 4230 880 4307 hujus
902 4232 932 4288 in
955 4233 1094 4292 aedificiis
1116 4231 1354 4304 convictibusque
1377 4237 1406 4288 et
1458 4263 1460 4269 ·

153 4328 345 4403 apparatibus
368 4329 499 4388 luxuriae
521 4329 630 4405 primus
653 4338 758 4389 auctor
782 4332 834 4392 luit
856 4332 952 4407 (Cels,
975 4335 1049 4391 Plin.
1072 4334 1150 4409 maj,
1174 4329 1266 4406 Tac).

238 4428 371 4503 Ds'gesteo
394 4449 448 4505 pro
471 4448 507 4489 eo
530 4431 644 4501 dicitur,
668 4433 747 4508 quod
775 4442 818 4492 est
840 4437 974 4493 ordinata
1002 4436 1140 4502 sarrire,
1164 4448 1214 4508 53,
1238 4449 1268 4505 4:
1296 4450 1364 4490 cum
1387 4451 1405 4492 a
