3106 5040
658 293 856 353 ,51-

216 455 369 541 Superesse
390 463 408 522 i.
433 481 455 523 s.
478 483 506 541 q.
529 467 703 540 superstitem
727 481 921 541 essem-119,
944 481 975 540 5:
1003 483 1063 524 nou
1085 466 1165 525 enirn
1187 465 1310 528 desertis
1332 485 1384 527 su·

130 567 247 642 perluit,
271 565 323 626 sed
345 565 478 626 desertor
498 566 605 624 occidit
626 565 739 643 (Plaut,
762 567 844 625 Asin.
862 566 935 625 Poll.
953 567 1033 642 apud
1051 565 1111 626 Cic.
1131 567 1201 627 iam.
1222 584 1266 640 ιο,
1286 585 1330 645 33,
1349 584 1382 645 3;

129 667 200 738 Liv,
224 667 298 726 Plin.
322 686 377 743 ep.,
401 665 499 742 Suet).

216 767 437 846 Supersundere
458 768 577 844 propria
603 769 814 843 significatione
840 787 866 827 c.
890 768 989 828 dativo
1016 770 1164 847 conjunct.
1187 772 1329 846 reperitur
1354 787 1380 842 2,

129 887 171 940 22,
190 887 219 928 2:
236 870 334 928 incisis
352 870 434 929 venis
451 870 664 947 superfusoque
682 871 826 944 sanguine
843 870 984 929 altaribus
1000 866 1077 944 (Ov,
1092 871 1163 940 Liv,
1179 871 1250 942 Col,
1267 871 1379 945 Quint,

128 972 201 1030 Plin.
224 971 314 1046 min).

88 1057 90 1062 ’
216 1073 340 1132 Tendere
362 1074 403 1130 ad
422 1071 502 1148 alqm
525 1088 553 1142 2,
579 1088 637 1148 115,
661 1088 689 1130 2:
717 1090 768 1148 per
791 1080 894 1147 gentes
923 1071 1059 1132 immunis
1086 1072 1183 1132 adhuc
1205 1074 1290 1134 clade
1313 1075 1380 1135 belli

128 1175 253 1234 tendens
274 1174 313 1233 ad
335 1172 487 1233 Tiberium
510 1171 637 1247 (tendere
659 1173 698 1232 ad
720 1181 817 1232 castra
835 1173 897 1232 Liv.
916 1191 943 1250 9,
962 1187 1006 1248 37,
1027 1190 1075 1243 1o;
1098 1175 1172 1240 alter
1194 1174 1233 1234 ad
1255 1176 1381 1235 alterum

126 1275 312 1336 tenderemus
335 1274 408 1334 Plin.
432 1293 477 1350 ep.
498 1292 519 1346 1,
538 1291 563 1351 5,
583 1276 619 1352 9).
636 1274 812 1334 -tendere
832 1293 920 1334 cursu
942 1272 982 1334 ad
1004 1274 1084 1350 alqm
1102 1291 1127 1344 2,
1151 1289 1198 1350 70,
1217 1293 1246 1335 2:
1269 1295 1381 1352 agmen
1402 1250 1406 1272 ⁸

126 1397 213 1437 cursu
234 1377 273 1436 ad
296 1396 364 1436 eum
387 1377 582 1446 tendentium,
610 1385 642 1435 ut
668 1377 751 1453 apud
769 1376 840 1435 Sall.
863 1375 930 1452 Jug.
954 1392 1002 1450 91,
1027 1393 1059 1450 4:
1086 1395 1173 1436 cursu
1196 1378 1318 1437 tendere
1341 1378 1380 1437 ad

125 1480 264 1557 Capsam.

214 1581 351 1640 Iblerare
377 1584 468 1641 vitam
491 1577 613 1659 (sristen)
633 1596 662 1650 2,
688 1597 734 1656 19,
758 1597 790 1654 4:
817 1579 929 1639 Marius
951 1581 1070 1656 inopem
1093 1581 1182 1638 vitam
1205 1580 1235 1637 in
1257 1580 1379 1653 tugurio

127 1685 276 1742 ruinarum
312 1682 598 1758 Carthaginiensium
634 1681 775 1740 toleravit.
824 1680 869 1739 Cf.
901 1681 1042 1740 Buenem.
1069 1680 1109 1740 ad
1134 1680 1217 1739 Lact.
1240 1697 1272 1755 3,
1297 1696 1381 1756 17,5

125 1804 154 1862 p.
170 1799 223 1861 353
241 1783 285 1861 (e),
303 1785 354 1862 qui
372 1784 454 1843 locos
472 1784 558 1843 affert
575 1784 642 1843 hos:
662 1782 748 1842 Caes.
767 1784 795 1840 b.
815 1782 853 1842 G.
872 1797 897 1858 7,
916 1797 962 1859 77,
983 1799 1024 1840 12:
1043 1781 1168 1841 tolerare
1185 1783 1289 1852 vitam;
1307 1784 1337 1841 b.
1355 1803 1381 1843 c.

124 1903 150 1960 3,
177 1903 225 1962 49,
252 1903 284 1960 3;
315 1886 539 1961 cognoscebant
564 1901 657 1961 equos
683 1902 785 1942 eorum
817 1884 934 1942 tolerari
959 1882 1090 1952 ,wtirden
1112 1883 1189 1941 noch
1216 1884 1380 1960 notddrltig

123 1987 277 2056 erhalten‘;
300 1987 329 2046 b.
351 2005 377 2045 c.
400 2003 426 2062 3,
450 1985 497 2061 38,
519 2003 552 2059 4:
576 1986 738 2062 equitatum
761 1985 896 2043 tolerare.
940 1984 1028 2061 Apud
1055 1983 1229 2044 Ciceronem
1252 1985 1380 2046 tolerare

124 2090 180 2147 hac
202 2088 415 2163 significatione
436 2106 496 2146 nou
519 2095 623 2146 exstat.
799 2072 804 2095 ‘

213 2190 323 2250 Tollere
344 2189 478 2250 absolute
501 2188 604 2247 dicitur
624 2206 679 2265 pro
700 2205 745 2257 eo,
769 2187 849 2263 quod
874 2186 955 2263 apud
976 2186 1148 2247 Ciceronem
1171 2196 1227 2246 est:
1255 2188 1292 2247 de
1314 2207 1377 2248 me·

124 2293 181 2361 dio,
200 2292 285 2363 ferro,
304 2309 428 2362 veneno,
452 2289 581 2349 funditus
604 2289 706 2349 tollere
728 2306 753 2360 2,
772 2305 816 2364 91,
834 2305 866 2364 31
888 2296 921 2346 ut
938 2306 998 2366 quo
1016 2289 1097 2349 salvo
1120 2288 1217 2348 salvus
1235 2307 1300 2350 esse
1318 2309 1379 2351 non
1426 2288 1428 2293 ’

124 2403 250 2470 poterat,
278 2412 315 2452 eo
342 2394 461 2452 sublato
487 2397 658 2450 moreretur.
703 2392 783 2450 Brut.
806 2390 885 2466 apud
912 2389 974 2448 Cic.
1001 2390 1070 2450 fam.
1095 2407 1136 2461 11,
1160 2406 1210 2461 20,
1236 2409 1247 2449 1
1275 2391 1378 2452 tollere

124 2495 259 2554 absolute
286 2495 406 2572 quidem
429 2494 546 2569 ponitur
568 2491 620 2551 sed
642 2493 692 2561 ita,
720 2499 752 2571 qt
778 2511 830 2567 per
857 2493 1080 2567 ambiguitatem
1107 2491 1312 2568 accipiendum
1339 2493 1376 2552 sit

124 2603 175 2654 aut
196 2614 253 2670 pro
282 2594 319 2654 de
346 2594 444 2654 medio
470 2594 572 2655 tollere
603 2603 654 2653 aut
681 2611 734 2670 pro
761 2594 896 2653 laudibus
927 2594 1038 2653 efferre.
1062 2625 1102 2636 -
1129 2583 1239 2653 Tollere
1269 2595 1376 2654 liberos

124 2704 279 2772 poetarum
301 2713 384 2755 more
405 2704 562 2773 usurpatur
584 2713 638 2770 pro
660 2697 774 2754 nutrire
800 2703 889 2772 atque
915 2697 1035 2756 educare
1067 2713 1092 2765 1,
1122 2713 1163 2767 11,
1191 2695 1223 2754 6:
1250 2704 1378 2774 quatuor

124 2799 196 2857 filios
214 2799 328 2858 sustulit
345 2795 461 2874 (Plani,
479 2797 559 2866 Ter,
577 2797 659 2856 Poet.
678 2797 758 2873 apud
776 2796 837 2856 Cic.
848 2797 885 2856 de
898 2797 954 2855 div.
970 2815 990 2868 1,
1006 2813 1046 2867 21,
1060 2813 1109 2872 42;
1129 2796 1230 2869 Quint.
1244 2815 1272 2872 4,
1288 2815 1312 2868 2,
1322 2796 1378 2874 42).

213 2900 337 2976 Torpere
366 2918 420 2986 per
441 2899 665 2958 translationem
687 2899 792 2958 dicitur
814 2915 842 2968 2,
866 2898 914 2970 61,
940 2914 965 2958 1:
992 2900 1127 2976 torpebat
1153 2918 1294 2976 oppressa
1322 2897 1376 2957 do·

124 3001 285 3061 minatione
311 3002 422 3061 Antoni
453 3001 566 3070 civitas;
597 3001 654 3060 hoc
676 2993 797 3060 verbum
828 3008 946 3077 torpere
967 3002 1069 3070 verbis,
1100 3019 1177 3078 quae
1203 3009 1376 3078 sequuntur,

123 3103 252 3180 Vellejus
275 3105 337 3179 ipse
359 3103 497 3179 explicat:
515 3104 558 3162 vis
579 3102 618 3161 ad
641 3102 835 3163 resistendum
855 3102 925 3160 nulli
943 3101 1054 3160 aderat.
1091 3102 1136 3161 Cl.
1157 3103 1217 3160 Liv.
1238 3120 1259 3171 1,
1278 3118 1323 3174 41,
1342 3117 1375 3176 3;

123 3204 154 3273 ό,
182 3221 229 3280 23,
258 3204 287 3263 6.
322 3235 359 3251 ·-
390 3203 544 3264 Sallustius
574 3222 645 3263 usus
681 3214 726 3263 est
760 3203 865 3262 eadem
896 3203 1108 3276 significatione
1139 3204 1283 3262 vocabulo
1315 3209 1376 3262 tor·

122 3324 250 3381 pescere,
273 3307 353 3364 velut
374 3305 440 3365 Cat.
466 3305 508 3375 16,
531 3321 562 3381 3;
585 3306 651 3383 Jug.
674 3322 699 3376 2,
721 3322 750 3378 4.

212 3408 303 3466 Urere
319 3411 380 3486 jam
393 3407 463 3466 inde
481 3428 499 3468 a
517 3408 600 3467 Livio
618 3425 670 3484 per
687 3407 908 3465 translationem
921 3423 975 3481 pro
991 3415 1130 3481 premere,
1149 3425 1256 3481 urgere
1278 3412 1376 3463 exstat

123 3510 159 3568 de
175 3512 209 3569 iis
224 3511 319 3576 rebus.
338 3528 414 3586 quae
432 3510 621 3586 gravissimae
639 3518 669 3567 et
686 3508 910 3567 molestissimae
928 3513 1004 3576 sunt,
1023 3515 1056 3565 ut
1072 3507 1247 3582 pestilentia,
1264 3507 1374 3583 inopia,

122 3610 224 3680 sames,
248 3612 315 3670 alia.
359 3612 434 3670 Vell.
458 3628 486 3679 2,
510 3625 552 3686 77,
579 3627 603 3668 1:
627 3611 768 3686 populum
790 3609 887 3684 gravis
910 3609 1013 3667 urebat
1036 3627 1164 3669 annona.

215 3713 321 3771 Vacare
339 3712 414 3772 alcui
436 3715 477 3772 rei
505 3732 564 3771 non
588 3730 751 3788 numquam
774 3710 852 3769 idem
875 3710 1026 3784 significat,
1054 3711 1131 3787 quod
1156 3722 1268 3786 operam
1291 3712 1371 3778 dare,

121 3835 149 3872 se
180 3816 285 3884 dedere,
314 3833 404 3889 quam
431 3815 672 3888 significationem
704 3811 913 3889 posterioribus
940 3813 1127 3888 scriptoribus
1150 3813 1370 3872 usitatissimam

121 3934 158 3972 ne
180 3916 283 3991 optimi
301 3914 419 3990 quidem
437 3916 590 3990 scriptores
608 3914 742 3972 videntur
759 3912 937 3989 repudiasse.
965 3911 1009 3970 Cl.
1028 3911 1089 3971 Cic.
1108 3913 1144 3970 de
1163 3913 1219 3985 div.
1240 3931 1261 3981 1,
1280 3911 1307 3986 b,
1329 3929 1371 3969 11:

120 4035 178 4091 ego
214 4017 416 4093 philosophiae
446 4035 563 4093 semper
594 4033 686 4075 vaco.¹
729 4015 805 4073 Vell.
837 4031 865 4085 2,
906 4030 968 4087 114,
1002 4031 1025 4071 1:
1062 4014 1128 4071 huic
1164 4016 1213 4072 uni
1250 4015 1371 4088 negotio

120 4118 235 4176 animus
258 4128 352 4178 vacat.
398 4120 493 4178 Vacat
516 4119 673 4193 imperson.
696 4124 838 4191 sequente
856 4116 995 4173 infinitivo
1020 4132 1045 4183 1,
1071 4129 1113 4188 15,
1139 4132 1164 4173 1:
1193 4134 1252 4174 non
1281 4133 1370 4175 vaca·

120 4220 158 4276 vit
181 4220 323 4279 Romanis
346 4221 478 4280 colonias
501 4218 627 4278 condere
647 4213 757 4292 (Verg,
777 4215 842 4287 Ov,
865 4216 938 4276 Plin.
961 4234 1017 4291 ep,
1041 4214 1162 4291 Quint).

212 4322 336 4380 Variarr'
354 4324 460 4399 passiv.
483 4323 639 4396 imperson.
661 4319 764 4377 dicitur
786 4334 811 4388 2,
830 4334 871 4394 51,
890 4334 921 4393 3:
944 4318 1089 4375 variatum
1112 4317 1218 4378 deinde
1241 4322 1369 4396 proeliis.

118 4419 164 4479 Cf.
188 4421 249 4480 Liv.
272 4438 297 4499 7,
321 4439 366 4494 22,
392 4439 440 4481 10:
465 4422 591 4479 variatur
609 4421 746 4488 comitiis;
769 4436 816 4488 22,
840 4419 894 4490 bo,
918 4435 950 4493 3:
973 4419 1101 4479 variatur
1123 4424 1281 4481 sententiis.

1192 4525 1214 4576 4.
