<?xml version="1.0" encoding="UTF-8"?>
<!DOCTYPE html PUBLIC "-//W3C//DTD XHTML 1.0 Transitional//EN"
    "http://www.w3.org/TR/xhtml1/DTD/xhtml1-transitional.dtd">
<html xmlns="http://www.w3.org/1999/xhtml" xml:lang="en" lang="en">
 <head>
  <title>
</title>
<meta http-equiv="Content-Type" content="text/html;charset=utf-8" />
  <meta name='ocr-system' content='tesseract 3.04.00' />
  <meta name='ocr-capabilities' content='ocr_page ocr_carea ocr_par ocr_line ocrx_word'/>
</head>
<body>
  <div class='ocr_page' id='page_1' title='image "./deelocutionemve00georgoog_0081.png"; bbox 0 0 3106 5040; ppageno 0'>
   <div class='ocr_carea' id='block_1_1' title="bbox 712 275 920 358">
    <p class='ocr_par' dir='ltr' id='par_1_1' title="bbox 712 275 920 358">
     <span class='ocr_line' id='line_1_1' title="bbox 712 275 920 358; baseline -0.01 -30"><span class='ocrx_word' id='word_1_1' title='bbox 712 275 920 358; x_wconf 69' lang='lat'>-&#39;70-</span> 
     </span>
    </p>
   </div>
   <div class='ocr_carea' id='block_1_2' title="bbox 186 465 1443 1055">
    <p class='ocr_par' dir='ltr' id='par_1_2' title="bbox 186 465 1443 1055">
     <span class='ocr_line' id='line_1_2' title="bbox 188 465 1443 551; baseline -0.004 -18"><span class='ocrx_word' id='word_1_2' title='bbox 188 475 267 551; x_wconf 92' lang='lat' dir='ltr'><strong>quod</strong></span> <span class='ocrx_word' id='word_1_3' title='bbox 286 482 331 534; x_wconf 89' lang='lat' dir='ltr'><strong>est</strong></span> <span class='ocrx_word' id='word_1_4' title='bbox 348 474 429 548; x_wconf 87' lang='lat' dir='ltr'><strong>alqm</strong></span> <span class='ocrx_word' id='word_1_5' title='bbox 446 471 595 545; x_wconf 85' lang='lat' dir='ltr'>despicere</span> <span class='ocrx_word' id='word_1_6' title='bbox 612 485 637 540; x_wconf 88' lang='lat'><strong>2,</strong></span> <span class='ocrx_word' id='word_1_7' title='bbox 657 470 703 545; x_wconf 88' lang='lat'><strong>76,</strong></span> <span class='ocrx_word' id='word_1_8' title='bbox 727 488 746 544; x_wconf 85' lang='lat'>4</span> <span class='ocrx_word' id='word_1_9' title='bbox 763 467 839 546; x_wconf 86' lang='lat' dir='ltr'><strong>(Sen.</strong></span> <span class='ocrx_word' id='word_1_10' title='bbox 858 468 979 543; x_wconf 91' lang='lat' dir='ltr'><strong>Thyest.</strong></span> <span class='ocrx_word' id='word_1_11' title='bbox 993 465 1159 541; x_wconf 68' lang='lat' dir='ltr'><strong>366tinfra</strong></span> <span class='ocrx_word' id='word_1_12' title='bbox 1177 485 1209 527; x_wconf 93' lang='lat' dir='ltr'><strong>se</strong></span> <span class='ocrx_word' id='word_1_13' title='bbox 1227 469 1305 528; x_wconf 90' lang='lat' dir='ltr'><strong>videt</strong></span> <span class='ocrx_word' id='word_1_14' title='bbox 1322 469 1443 545; x_wconf 89' lang='lat' dir='ltr'><strong>omnia).</strong></span> 
     </span>
     <span class='ocr_line' id='line_1_3' title="bbox 190 569 1443 654; baseline -0.002 -21"><span class='ocrx_word' id='word_1_15' title='bbox 190 607 230 619; x_wconf 88' lang='lat'>-</span> <span class='ocrx_word' id='word_1_16' title='bbox 253 576 350 654; x_wconf 83' lang='lat' dir='ltr'><strong>Infra</strong></span> <span class='ocrx_word' id='word_1_17' title='bbox 373 591 471 632; x_wconf 91' lang='lat' dir='ltr'><strong>servos</strong></span> <span class='ocrx_word' id='word_1_18' title='bbox 493 571 596 630; x_wconf 90' lang='lat' dir='ltr'><strong>dicitur</strong></span> <span class='ocrx_word' id='word_1_19' title='bbox 619 571 656 630; x_wconf 93' lang='lat' dir='ltr'><strong>de</strong></span> <span class='ocrx_word' id='word_1_20' title='bbox 679 590 723 641; x_wconf 89' lang='lat' dir='ltr'><strong>eo,</strong></span> <span class='ocrx_word' id='word_1_21' title='bbox 746 571 796 647; x_wconf 91' lang='lat' dir='ltr'><strong>qui</strong></span> <span class='ocrx_word' id='word_1_22' title='bbox 817 571 942 629; x_wconf 90' lang='lat' dir='ltr'><strong>liberum</strong></span> <span class='ocrx_word' id='word_1_23' title='bbox 964 569 1114 642; x_wconf 88' lang='lat' dir='ltr'>ingenium</span> <span class='ocrx_word' id='word_1_24' title='bbox 1137 587 1247 629; x_wconf 85' lang='lat' dir='ltr'><strong>exuens</strong></span> <span class='ocrx_word' id='word_1_25' title='bbox 1265 569 1443 645; x_wconf 85' lang='lat' dir='ltr'>dedignatur</span> 
     </span>
     <span class='ocr_line' id='line_1_4' title="bbox 189 669 1441 749; baseline -0.006 -13"><span class='ocrx_word' id='word_1_26' title='bbox 189 696 221 736; x_wconf 91' lang='lat' dir='ltr'><strong>se</strong></span> <span class='ocrx_word' id='word_1_27' title='bbox 244 677 333 736; x_wconf 88' lang='lat' dir='ltr'><strong>servis</strong></span> <span class='ocrx_word' id='word_1_28' title='bbox 355 675 526 734; x_wconf 79' lang='lat' dir='ltr'><strong>submittere</strong></span> <span class='ocrx_word' id='word_1_29' title='bbox 549 681 600 731; x_wconf 88' lang='lat' dir='ltr'><strong>aut</strong></span> <span class='ocrx_word' id='word_1_30' title='bbox 623 675 711 732; x_wconf 89' lang='lat' dir='ltr'><strong>servis</strong></span> <span class='ocrx_word' id='word_1_31' title='bbox 734 689 838 749; x_wconf 82' lang='lat' dir='ltr'><strong>parere</strong></span> <span class='ocrx_word' id='word_1_32' title='bbox 859 687 884 741; x_wconf 88' lang='lat'><strong>2,</strong></span> <span class='ocrx_word' id='word_1_33' title='bbox 908 669 953 744; x_wconf 86' lang='grc'><strong>83,</strong></span> <span class='ocrx_word' id='word_1_34' title='bbox 979 686 1005 727; x_wconf 92' lang='lat'><strong>1:</strong></span> <span class='ocrx_word' id='word_1_35' title='bbox 1032 669 1108 728; x_wconf 84' lang='lat' dir='ltr'><strong>infra</strong></span> <span class='ocrx_word' id='word_1_36' title='bbox 1131 688 1230 730; x_wconf 89' lang='lat' dir='ltr'><strong>servos</strong></span> <span class='ocrx_word' id='word_1_37' title='bbox 1252 672 1350 730; x_wconf 81' lang='lat' dir='ltr'><strong>cliens</strong></span> <span class='ocrx_word' id='word_1_38' title='bbox 1394 670 1441 732; x_wconf 82' lang='lat' dir='ltr'><strong>Cf.</strong></span> 
     </span>
     <span class='ocr_line' id='line_1_5' title="bbox 186 771 1443 851; baseline -0.004 -15"><span class='ocrx_word' id='word_1_39' title='bbox 186 778 260 836; x_wconf 92' lang='lat' dir='ltr'><strong>Tac.</strong></span> <span class='ocrx_word' id='word_1_40' title='bbox 275 797 344 836; x_wconf 90' lang='lat' dir='ltr'><strong>ann.</strong></span> <span class='ocrx_word' id='word_1_41' title='bbox 362 793 402 851; x_wconf 82' lang='lat'><strong>13,</strong></span> <span class='ocrx_word' id='word_1_42' title='bbox 412 790 443 832; x_wconf 87' lang='lat'><strong>2:</strong></span> <span class='ocrx_word' id='word_1_43' title='bbox 462 792 557 850; x_wconf 89' lang='lat' dir='ltr'><strong>neque</strong></span> <span class='ocrx_word' id='word_1_44' title='bbox 570 773 681 833; x_wconf 86' lang='lat' dir='ltr'>Neroni</span> <span class='ocrx_word' id='word_1_45' title='bbox 694 774 771 833; x_wconf 88' lang='lat' dir='ltr'><strong>infra</strong></span> <span class='ocrx_word' id='word_1_46' title='bbox 784 790 882 832; x_wconf 88' lang='lat' dir='ltr'><strong>servos</strong></span> <span class='ocrx_word' id='word_1_47' title='bbox 896 772 1057 846; x_wconf 80' lang='lat' dir='ltr'><strong>ingenium.</strong></span> <span class='ocrx_word' id='word_1_48' title='bbox 1067 802 1107 813; x_wconf 92' lang='lat'>—</span> <span class='ocrx_word' id='word_1_49' title='bbox 1122 771 1182 829; x_wconf 82' lang='lat' dir='ltr'><strong>Per</strong></span> <span class='ocrx_word' id='word_1_50' title='bbox 1192 775 1288 830; x_wconf 82' lang='lat' dir='ltr'><strong>omnia</strong></span> <span class='ocrx_word' id='word_1_51' title='bbox 1299 773 1360 850; x_wconf 90' lang='lat' dir='ltr'><strong>jam</strong></span> <span class='ocrx_word' id='word_1_52' title='bbox 1374 773 1443 832; x_wconf 91' lang='lat' dir='ltr'><strong>inde</strong></span> 
     </span>
     <span class='ocr_line' id='line_1_6' title="bbox 189 872 1443 950; baseline -0.004 -12"><span class='ocrx_word' id='word_1_53' title='bbox 189 898 207 938; x_wconf 88' lang='lat' dir='ltr'><strong>a</strong></span> <span class='ocrx_word' id='word_1_54' title='bbox 229 879 312 938; x_wconf 90' lang='lat' dir='ltr'><strong>Livio</strong></span> <span class='ocrx_word' id='word_1_55' title='bbox 335 877 513 935; x_wconf 90' lang='lat' dir='ltr'><strong>dictumest</strong></span> <span class='ocrx_word' id='word_1_56' title='bbox 535 893 588 950; x_wconf 89' lang='lat' dir='ltr'><strong>pro</strong></span> <span class='ocrx_word' id='word_1_57' title='bbox 611 877 641 931; x_wconf 83' lang='lat' dir='ltr'><strong>in</strong></span> <span class='ocrx_word' id='word_1_58' title='bbox 665 874 806 944; x_wconf 74' lang='lat' dir='ltr'><strong>omnibus,</strong></span> <span class='ocrx_word' id='word_1_59' title='bbox 834 876 955 931; x_wconf 78' lang='lat' dir='ltr'><strong>ommim.</strong></span> <span class='ocrx_word' id='word_1_60' title='bbox 1000 872 1128 949; x_wconf 88' lang='lat' dir='ltr'><strong>Vellejus</strong></span> <span class='ocrx_word' id='word_1_61' title='bbox 1155 873 1196 931; x_wconf 90' lang='lat' dir='ltr'><strong>ita</strong></span> <span class='ocrx_word' id='word_1_62' title='bbox 1213 873 1328 932; x_wconf 90' lang='lat' dir='ltr'><strong>locutus</strong></span> <span class='ocrx_word' id='word_1_63' title='bbox 1351 883 1395 933; x_wconf 91' lang='lat' dir='ltr'><strong>est</strong></span> <span class='ocrx_word' id='word_1_64' title='bbox 1417 891 1443 943; x_wconf 83' lang='lat'><strong>2,</strong></span> 
     </span>
     <span class='ocr_line' id='line_1_7' title="bbox 187 973 1442 1055; baseline -0.002 -18"><span class='ocrx_word' id='word_1_65' title='bbox 187 997 230 1055; x_wconf 84' lang='lat'><strong>31,</strong></span> <span class='ocrx_word' id='word_1_66' title='bbox 256 994 283 1048; x_wconf 90' lang='lat'><strong>1;</strong></span> <span class='ocrx_word' id='word_1_67' title='bbox 306 995 331 1048; x_wconf 86' lang='lat'><strong>2,</strong></span> <span class='ocrx_word' id='word_1_68' title='bbox 354 993 400 1051; x_wconf 88' lang='grc'><strong>33,</strong></span> <span class='ocrx_word' id='word_1_69' title='bbox 425 993 451 1045; x_wconf 94' lang='lat'><strong>1;</strong></span> <span class='ocrx_word' id='word_1_70' title='bbox 475 992 500 1047; x_wconf 90' lang='lat'><strong>2,</strong></span> <span class='ocrx_word' id='word_1_71' title='bbox 523 990 571 1051; x_wconf 81' lang='grc'><strong>35,</strong></span> <span class='ocrx_word' id='word_1_72' title='bbox 594 992 624 1044; x_wconf 80' lang='lat'><strong>23</strong></span> <span class='ocrx_word' id='word_1_73' title='bbox 648 991 672 1045; x_wconf 89' lang='lat'><strong>2,</strong></span> <span class='ocrx_word' id='word_1_74' title='bbox 696 991 746 1048; x_wconf 89' lang='lat'><strong>40,</strong></span> <span class='ocrx_word' id='word_1_75' title='bbox 770 992 799 1044; x_wconf 90' lang='lat'><strong>2;</strong></span> <span class='ocrx_word' id='word_1_76' title='bbox 823 992 852 1044; x_wconf 93' lang='lat'><strong>2,</strong></span> <span class='ocrx_word' id='word_1_77' title='bbox 876 973 929 1050; x_wconf 79' lang='lat'><strong>69,</strong></span> <span class='ocrx_word' id='word_1_78' title='bbox 953 973 984 1044; x_wconf 85' lang='lat'><strong>6;</strong></span> <span class='ocrx_word' id='word_1_79' title='bbox 1008 991 1037 1043; x_wconf 88' lang='lat'><strong>2,</strong></span> <span class='ocrx_word' id='word_1_80' title='bbox 1063 988 1132 1043; x_wconf 90' lang='lat'>100,</span> <span class='ocrx_word' id='word_1_81' title='bbox 1155 991 1181 1048; x_wconf 84' lang='lat'><strong>3.</strong></span> <span class='ocrx_word' id='word_1_82' title='bbox 1210 1004 1250 1016; x_wconf 95' lang='lat'>-</span> <span class='ocrx_word' id='word_1_83' title='bbox 1278 975 1356 1033; x_wconf 81' lang='lat' dir='ltr'><strong>Post.</strong></span> <span class='ocrx_word' id='word_1_84' title='bbox 1387 978 1442 1034; x_wconf 85' lang='lat' dir='ltr'><strong>Ar-</strong></span> 
     </span>
    </p>
   </div>
   <div class='ocr_carea' id='block_1_3' title="bbox 187 1076 1531 1158">
    <p class='ocr_par' dir='ltr' id='par_1_3' title="bbox 187 1076 1531 1158">
     <span class='ocr_line' id='line_1_8' title="bbox 187 1076 1531 1158; baseline -0.001 -20"><span class='ocrx_word' id='word_1_85' title='bbox 187 1088 326 1156; x_wconf 69' lang='lat' dir='ltr'><strong>gennae,</strong></span> <span class='ocrx_word' id='word_1_86' title='bbox 352 1096 429 1154; x_wconf 92' lang='lat' dir='ltr'><strong>quae</strong></span> <span class='ocrx_word' id='word_1_87' title='bbox 456 1086 591 1146; x_wconf 91' lang='lat' dir='ltr'><strong>vocatur,</strong></span> <span class='ocrx_word' id='word_1_88' title='bbox 615 1077 720 1135; x_wconf 89' lang='lat' dir='ltr'><strong>aetatis</strong></span> <span class='ocrx_word' id='word_1_89' title='bbox 746 1076 901 1151; x_wconf 86' lang='lat' dir='ltr'><strong>scriptores</strong></span> <span class='ocrx_word' id='word_1_90' title='bbox 923 1093 990 1134; x_wconf 91' lang='lat' dir='ltr'><strong>cum</strong></span> <span class='ocrx_word' id='word_1_91' title='bbox 1014 1093 1159 1133; x_wconf 89' lang='lat' dir='ltr'><strong>annorum</strong></span> <span class='ocrx_word' id='word_1_92' title='bbox 1182 1077 1300 1135; x_wconf 91' lang='lat' dir='ltr'><strong>nomine</strong></span> <span class='ocrx_word' id='word_1_93' title='bbox 1322 1095 1442 1153; x_wconf 92' lang='lat' dir='ltr'><strong>compo·</strong></span> <span class='ocrx_word' id='word_1_94' title='bbox 1530 1154 1531 1158; x_wconf 6' lang='grc' dir='ltr'><strong>Ἰ</strong></span> 
     </span>
    </p>
   </div>
   <div class='ocr_carea' id='block_1_4' title="bbox 187 1177 1493 2589">
    <p class='ocr_par' dir='ltr' id='par_1_4' title="bbox 187 1177 1493 2589">
     <span class='ocr_line' id='line_1_9' title="bbox 189 1177 1442 1252; baseline -0.002 -12"><span class='ocrx_word' id='word_1_95' title='bbox 189 1189 310 1240; x_wconf 87' lang='lat' dir='ltr'><strong>suerunt</strong></span> <span class='ocrx_word' id='word_1_96' title='bbox 338 1197 447 1240; x_wconf 90' lang='lat' dir='ltr'><strong>nomen</strong></span> <span class='ocrx_word' id='word_1_97' title='bbox 475 1180 515 1236; x_wconf 92' lang='lat' dir='ltr'><strong>rei</strong></span> <span class='ocrx_word' id='word_1_98' title='bbox 543 1186 641 1248; x_wconf 87' lang='lat' dir='ltr'><strong>actae,</strong></span> <span class='ocrx_word' id='word_1_99' title='bbox 670 1177 747 1236; x_wconf 90' lang='lat' dir='ltr'><strong>velut</strong></span> <span class='ocrx_word' id='word_1_100' title='bbox 772 1195 797 1249; x_wconf 90' lang='lat'><strong>1,</strong></span> <span class='ocrx_word' id='word_1_101' title='bbox 823 1193 870 1247; x_wconf 91' lang='lat'><strong>10,</strong></span> <span class='ocrx_word' id='word_1_102' title='bbox 893 1192 923 1252; x_wconf 89' lang='lat'><strong>5:</strong></span> <span class='ocrx_word' id='word_1_103' title='bbox 956 1178 1081 1236; x_wconf 88' lang='lat' dir='ltr'><strong>alterum</strong></span> <span class='ocrx_word' id='word_1_104' title='bbox 1107 1195 1144 1235; x_wconf 90' lang='lat' dir='ltr'><strong>ex</strong></span> <span class='ocrx_word' id='word_1_105' title='bbox 1171 1179 1230 1238; x_wconf 89' lang='lat' dir='ltr'><strong>suis</strong></span> <span class='ocrx_word' id='word_1_106' title='bbox 1252 1179 1349 1238; x_wconf 91' lang='lat' dir='ltr'><strong>liberis</strong></span> <span class='ocrx_word' id='word_1_107' title='bbox 1372 1188 1442 1238; x_wconf 90' lang='lat' dir='ltr'><strong>ante</strong></span> 
     </span>
     <span class='ocr_line' id='line_1_10' title="bbox 189 1275 1442 1358; baseline -0.001 -18"><span class='ocrx_word' id='word_1_108' title='bbox 189 1300 302 1358; x_wconf 90' lang='lat' dir='ltr'><strong>paucos</strong></span> <span class='ocrx_word' id='word_1_109' title='bbox 325 1280 471 1356; x_wconf 86' lang='lat' dir='ltr'><strong>triumphi,</strong></span> <span class='ocrx_word' id='word_1_110' title='bbox 495 1280 619 1338; x_wconf 91' lang='lat' dir='ltr'><strong>alterum</strong></span> <span class='ocrx_word' id='word_1_111' title='bbox 642 1287 708 1355; x_wconf 92' lang='lat' dir='ltr'><strong>post</strong></span> <span class='ocrx_word' id='word_1_112' title='bbox 730 1280 883 1354; x_wconf 89' lang='lat' dir='ltr'><strong>pauciores</strong></span> <span class='ocrx_word' id='word_1_113' title='bbox 906 1279 1003 1337; x_wconf 90' lang='lat' dir='ltr'><strong>amisit</strong></span> <span class='ocrx_word' id='word_1_114' title='bbox 1025 1278 1086 1336; x_wconf 89' lang='lat' dir='ltr'><strong>dies</strong></span> <span class='ocrx_word' id='word_1_115' title='bbox 1108 1275 1191 1356; x_wconf 86' lang='lat' dir='ltr'><strong>(Just.</strong></span> <span class='ocrx_word' id='word_1_116' title='bbox 1217 1297 1259 1353; x_wconf 84' lang='lat'><strong>14,</strong></span> <span class='ocrx_word' id='word_1_117' title='bbox 1278 1298 1304 1354; x_wconf 89' lang='grc'><strong>3,</strong></span> <span class='ocrx_word' id='word_1_118' title='bbox 1323 1277 1361 1357; x_wconf 89' lang='lat'><strong>8).</strong></span> <span class='ocrx_word' id='word_1_119' title='bbox 1397 1281 1442 1339; x_wconf 85' lang='lat' dir='ltr'><strong>Cf.</strong></span> 
     </span>
     <span class='ocr_line' id='line_1_11' title="bbox 191 1381 1441 1458; baseline 0 -17"><span class='ocrx_word' id='word_1_120' title='bbox 191 1383 284 1441; x_wconf 92' lang='lat' dir='ltr'><strong>Hand</strong></span> <span class='ocrx_word' id='word_1_121' title='bbox 307 1383 393 1442; x_wconf 90' lang='lat' dir='ltr'><strong>Turs.</strong></span> <span class='ocrx_word' id='word_1_122' title='bbox 416 1382 469 1440; x_wconf 90' lang='lat' dir='ltr'><strong>IV.</strong></span> <span class='ocrx_word' id='word_1_123' title='bbox 492 1400 520 1457; x_wconf 91' lang='lat' dir='ltr'><strong>p.</strong></span> <span class='ocrx_word' id='word_1_124' title='bbox 544 1398 615 1458; x_wconf 82' lang='grc'>494.</span> <span class='ocrx_word' id='word_1_125' title='bbox 639 1411 678 1422; x_wconf 94' lang='grc'>-</span> <span class='ocrx_word' id='word_1_126' title='bbox 707 1381 778 1438; x_wconf 82' lang='lat' dir='ltr'><strong>Post</strong></span> <span class='ocrx_word' id='word_1_127' title='bbox 798 1388 953 1455; x_wconf 88' lang='lat' dir='ltr'><strong>poetarum</strong></span> <span class='ocrx_word' id='word_1_128' title='bbox 975 1397 1057 1438; x_wconf 90' lang='lat' dir='ltr'><strong>more</strong></span> <span class='ocrx_word' id='word_1_129' title='bbox 1079 1399 1148 1439; x_wconf 91' lang='lat' dir='ltr'><strong>cum</strong></span> <span class='ocrx_word' id='word_1_130' title='bbox 1169 1383 1343 1457; x_wconf 88' lang='lat' dir='ltr'><strong>pronomine</strong></span> <span class='ocrx_word' id='word_1_131' title='bbox 1366 1383 1441 1453; x_wconf 91' lang='lat' dir='ltr'><strong>,hoc‘</strong></span> 
     </span>
     <span class='ocr_line' id='line_1_12' title="bbox 187 1480 1493 1560; baseline -0.004 -18"><span class='ocrx_word' id='word_1_132' title='bbox 187 1485 349 1543; x_wconf 87' lang='lat' dir='ltr'><strong>collocatur</strong></span> <span class='ocrx_word' id='word_1_133' title='bbox 371 1492 401 1542; x_wconf 88' lang='lat' dir='ltr'><strong>et</strong></span> <span class='ocrx_word' id='word_1_134' title='bbox 423 1502 475 1559; x_wconf 89' lang='lat' dir='ltr'><strong>pro</strong></span> <span class='ocrx_word' id='word_1_135' title='bbox 492 1490 589 1557; x_wconf 82' lang='lat' dir='ltr'><strong>postea</strong></span> <span class='ocrx_word' id='word_1_136' title='bbox 613 1481 717 1539; x_wconf 91' lang='lat' dir='ltr'><strong>dicitur</strong></span> <span class='ocrx_word' id='word_1_137' title='bbox 736 1498 763 1550; x_wconf 88' lang='lat'><strong>2,</strong></span> <span class='ocrx_word' id='word_1_138' title='bbox 782 1497 823 1551; x_wconf 89' lang='lat'><strong>21,</strong></span> <span class='ocrx_word' id='word_1_139' title='bbox 842 1498 874 1554; x_wconf 86' lang='lat'><strong>4:</strong></span> <span class='ocrx_word' id='word_1_140' title='bbox 897 1489 965 1556; x_wconf 90' lang='lat' dir='ltr'><strong>post</strong></span> <span class='ocrx_word' id='word_1_141' title='bbox 983 1481 1039 1539; x_wconf 95' lang='lat' dir='ltr'><strong>hoc</strong></span> <span class='ocrx_word' id='word_1_142' title='bbox 1057 1480 1111 1540; x_wconf 91' lang='lat' dir='ltr'><strong>Cn.</strong></span> <span class='ocrx_word' id='word_1_143' title='bbox 1130 1482 1288 1560; x_wconf 89' lang='lat' dir='ltr'><strong>Pompejus</strong></span> <span class='ocrx_word' id='word_1_144' title='bbox 1307 1483 1440 1544; x_wconf 87' lang='lat' dir='ltr'><strong>decessit.</strong></span> <span class='ocrx_word' id='word_1_145' title='bbox 1490 1529 1493 1537; x_wconf 92' lang='lat'><strong>.</strong></span> 
     </span>
     <span class='ocr_line' id='line_1_13' title="bbox 187 1583 1440 1660; baseline 0.001 -17"><span class='ocrx_word' id='word_1_146' title='bbox 187 1584 232 1644; x_wconf 82' lang='lat' dir='ltr'><strong>Cf.</strong></span> <span class='ocrx_word' id='word_1_147' title='bbox 252 1585 344 1643; x_wconf 87' lang='lat' dir='ltr'><strong>Hand</strong></span> <span class='ocrx_word' id='word_1_148' title='bbox 362 1585 449 1642; x_wconf 90' lang='lat' dir='ltr'><strong>Turs.</strong></span> <span class='ocrx_word' id='word_1_149' title='bbox 467 1586 521 1643; x_wconf 91' lang='lat' dir='ltr'><strong>IV.</strong></span> <span class='ocrx_word' id='word_1_150' title='bbox 541 1603 569 1659; x_wconf 90' lang='lat' dir='ltr'><strong>p.</strong></span> <span class='ocrx_word' id='word_1_151' title='bbox 589 1601 657 1660; x_wconf 82' lang='lat'><strong>494.</strong></span> <span class='ocrx_word' id='word_1_152' title='bbox 682 1613 721 1625; x_wconf 90' lang='lat'>-</span> <span class='ocrx_word' id='word_1_153' title='bbox 744 1583 815 1642; x_wconf 91' lang='lat' dir='ltr'><strong>Post</strong></span> <span class='ocrx_word' id='word_1_154' title='bbox 837 1601 868 1642; x_wconf 92' lang='lat' dir='ltr'><strong>se</strong></span> <span class='ocrx_word' id='word_1_155' title='bbox 886 1608 927 1628; x_wconf 95' lang='lat'>=</span> <span class='ocrx_word' id='word_1_156' title='bbox 946 1601 977 1642; x_wconf 91' lang='lat' dir='ltr'><strong>se</strong></span> <span class='ocrx_word' id='word_1_157' title='bbox 999 1592 1116 1642; x_wconf 92' lang='lat' dir='ltr'><strong>mortuo</strong></span> <span class='ocrx_word' id='word_1_158' title='bbox 1138 1600 1164 1655; x_wconf 85' lang='lat'><strong>2,</strong></span> <span class='ocrx_word' id='word_1_159' title='bbox 1184 1600 1241 1659; x_wconf 79' lang='lat'>123,</span> <span class='ocrx_word' id='word_1_160' title='bbox 1261 1602 1286 1643; x_wconf 91' lang='lat'><strong>2.</strong></span> <span class='ocrx_word' id='word_1_161' title='bbox 1305 1617 1345 1627; x_wconf 96' lang='lat'>—</span> <span class='ocrx_word' id='word_1_162' title='bbox 1363 1584 1440 1644; x_wconf 69' lang='lat' dir='ltr'><strong>Saite.</strong></span> 
     </span>
     <span class='ocr_line' id='line_1_14' title="bbox 188 1686 1441 1762; baseline 0 -16"><span class='ocrx_word' id='word_1_163' title='bbox 188 1687 313 1746; x_wconf 88' lang='lat' dir='ltr'><strong>Homeri</strong></span> <span class='ocrx_word' id='word_1_164' title='bbox 335 1687 427 1744; x_wconf 84' lang='lat' dir='ltr'><strong>illuxit</strong></span> <span class='ocrx_word' id='word_1_165' title='bbox 449 1688 598 1762; x_wconf 85' lang='lat' dir='ltr'><strong>ingenium</strong></span> <span class='ocrx_word' id='word_1_166' title='bbox 622 1687 684 1744; x_wconf 88' lang='lat' dir='ltr'><strong>sine</strong></span> <span class='ocrx_word' id='word_1_167' title='bbox 707 1686 842 1761; x_wconf 85' lang='lat' dir='ltr'><strong>exemplo</strong></span> <span class='ocrx_word' id='word_1_168' title='bbox 860 1687 1023 1743; x_wconf 81' lang='lat' dir='ltr'><strong>maximum</strong></span> <span class='ocrx_word' id='word_1_169' title='bbox 1047 1702 1069 1755; x_wconf 92' lang='lat'><strong>1,</strong></span> <span class='ocrx_word' id='word_1_170' title='bbox 1088 1701 1114 1761; x_wconf 85' lang='lat'><strong>5,</strong></span> <span class='ocrx_word' id='word_1_171' title='bbox 1135 1703 1157 1744; x_wconf 90' lang='lat'><strong>1.</strong></span> <span class='ocrx_word' id='word_1_172' title='bbox 1181 1718 1220 1729; x_wconf 94' lang='lat'><em>-</em></span> <span class='ocrx_word' id='word_1_173' title='bbox 1244 1688 1306 1746; x_wconf 90' lang='lat' dir='ltr'><strong>sine</strong></span> <span class='ocrx_word' id='word_1_174' title='bbox 1323 1689 1381 1746; x_wconf 88' lang='lat' dir='ltr'><strong>fine</strong></span> <span class='ocrx_word' id='word_1_175' title='bbox 1398 1712 1441 1733; x_wconf 86' lang='lat'><strong>==</strong></span> 
     </span>
     <span class='ocr_line' id='line_1_15' title="bbox 188 1785 1440 1865; baseline 0.002 -19"><span class='ocrx_word' id='word_1_176' title='bbox 188 1806 304 1863; x_wconf 92' lang='lat' dir='ltr'><strong>semper</strong></span> <span class='ocrx_word' id='word_1_177' title='bbox 328 1804 355 1858; x_wconf 92' lang='lat'><strong>2,</strong></span> <span class='ocrx_word' id='word_1_178' title='bbox 381 1801 442 1862; x_wconf 87' lang='lat'>107,</span> <span class='ocrx_word' id='word_1_179' title='bbox 461 1803 491 1846; x_wconf 90' lang='lat'><strong>2:</strong></span> <span class='ocrx_word' id='word_1_180' title='bbox 514 1788 576 1846; x_wconf 91' lang='lat' dir='ltr'><strong>sine</strong></span> <span class='ocrx_word' id='word_1_181' title='bbox 598 1788 656 1846; x_wconf 90' lang='lat' dir='ltr'><strong>fine</strong></span> <span class='ocrx_word' id='word_1_182' title='bbox 677 1795 847 1863; x_wconf 87' lang='lat' dir='ltr'><strong>respectans</strong></span> <span class='ocrx_word' id='word_1_183' title='bbox 870 1785 1039 1846; x_wconf 85' lang='lat' dir='ltr'><strong>Caesarem.</strong></span> <span class='ocrx_word' id='word_1_184' title='bbox 1063 1819 1103 1827; x_wconf 95' lang='lat'>-</span> <span class='ocrx_word' id='word_1_185' title='bbox 1130 1787 1219 1846; x_wconf 82' lang='lat' dir='ltr'><strong>Ultra</strong></span> <span class='ocrx_word' id='word_1_186' title='bbox 1242 1790 1279 1847; x_wconf 92' lang='lat' dir='ltr'><strong>de</strong></span> <span class='ocrx_word' id='word_1_187' title='bbox 1301 1792 1440 1865; x_wconf 91' lang='lat' dir='ltr'><strong>temporis</strong></span> 
     </span>
     <span class='ocr_line' id='line_1_16' title="bbox 188 1880 1441 1966; baseline 0.001 -18"><span class='ocrx_word' id='word_1_188' title='bbox 188 1891 284 1966; x_wconf 89' lang='lat' dir='ltr'><strong>spatio</strong></span> <span class='ocrx_word' id='word_1_189' title='bbox 295 1880 406 1949; x_wconf 78' lang='lat' dir='ltr'><strong>&#39;dicitur</strong></span> <span class='ocrx_word' id='word_1_190' title='bbox 426 1907 448 1960; x_wconf 89' lang='lat'><strong>1,</strong></span> <span class='ocrx_word' id='word_1_191' title='bbox 464 1904 503 1958; x_wconf 89' lang='lat'><strong>12,</strong></span> <span class='ocrx_word' id='word_1_192' title='bbox 515 1903 543 1963; x_wconf 84' lang='lat'><strong>7:</strong></span> <span class='ocrx_word' id='word_1_193' title='bbox 563 1889 640 1947; x_wconf 89' lang='lat' dir='ltr'><strong>adeo</strong></span> <span class='ocrx_word' id='word_1_194' title='bbox 658 1889 759 1946; x_wconf 93' lang='lat' dir='ltr'><strong>odium</strong></span> <span class='ocrx_word' id='word_1_195' title='bbox 778 1889 987 1947; x_wconf 87' lang='lat' dir='ltr'><strong>certaminibus</strong></span> <span class='ocrx_word' id='word_1_196' title='bbox 1005 1897 1102 1948; x_wconf 92' lang='lat' dir='ltr'><strong>ortum</strong></span> <span class='ocrx_word' id='word_1_197' title='bbox 1120 1889 1198 1947; x_wconf 88' lang='lat' dir='ltr'><strong>ultra</strong></span> <span class='ocrx_word' id='word_1_198' title='bbox 1216 1900 1328 1949; x_wconf 89' lang='lat' dir='ltr'><strong>metum</strong></span> <span class='ocrx_word' id='word_1_199' title='bbox 1346 1892 1441 1952; x_wconf 85' lang='lat' dir='ltr'><strong>durat.</strong></span> 
     </span>
     <span class='ocr_line' id='line_1_17' title="bbox 188 1990 1440 2069; baseline 0.001 -18"><span class='ocrx_word' id='word_1_200' title='bbox 188 1990 234 2051; x_wconf 88' lang='lat' dir='ltr'><strong>Cf.</strong></span> <span class='ocrx_word' id='word_1_201' title='bbox 257 1991 323 2050; x_wconf 91' lang='lat' dir='ltr'><strong>Sen.</strong></span> <span class='ocrx_word' id='word_1_202' title='bbox 348 2009 393 2066; x_wconf 93' lang='lat' dir='ltr'><strong>ep.</strong></span> <span class='ocrx_word' id='word_1_203' title='bbox 419 2005 479 2061; x_wconf 86' lang='lat'>102,</span> <span class='ocrx_word' id='word_1_204' title='bbox 503 2008 536 2063; x_wconf 79' lang='lat'><strong>4:</strong></span> <span class='ocrx_word' id='word_1_205' title='bbox 560 1990 636 2050; x_wconf 89' lang='lat' dir='ltr'><strong>ultra</strong></span> <span class='ocrx_word' id='word_1_206' title='bbox 658 2000 823 2048; x_wconf 82' lang='lat' dir='ltr'><strong>extremum</strong></span> <span class='ocrx_word' id='word_1_207' title='bbox 846 1991 923 2050; x_wconf 89' lang='lat' dir='ltr'><strong>diem</strong></span> <span class='ocrx_word' id='word_1_208' title='bbox 945 2009 1031 2050; x_wconf 89' lang='lat' dir='ltr'><strong>curas</strong></span> <span class='ocrx_word' id='word_1_209' title='bbox 1054 1993 1263 2064; x_wconf 89' lang='lat' dir='ltr'><strong>transmittere;</strong></span> <span class='ocrx_word' id='word_1_210' title='bbox 1288 1993 1389 2066; x_wconf 86' lang='lat' dir='ltr'><strong>Quint.</strong></span> <span class='ocrx_word' id='word_1_211' title='bbox 1413 2011 1440 2069; x_wconf 84' lang='lat'><strong>9,</strong></span> 
     </span>
     <span class='ocr_line' id='line_1_18' title="bbox 189 2092 1442 2167; baseline 0.002 -17"><span class='ocrx_word' id='word_1_212' title='bbox 189 2110 220 2162; x_wconf 91' lang='lat'><strong>2,</strong></span> <span class='ocrx_word' id='word_1_213' title='bbox 244 2092 296 2151; x_wconf 83' lang='lat'><strong>88:</strong></span> <span class='ocrx_word' id='word_1_214' title='bbox 327 2099 360 2150; x_wconf 91' lang='lat' dir='ltr'><strong>ut</strong></span> <span class='ocrx_word' id='word_1_215' title='bbox 387 2111 447 2151; x_wconf 90' lang='lat' dir='ltr'><strong>non</strong></span> <span class='ocrx_word' id='word_1_216' title='bbox 474 2093 559 2152; x_wconf 88' lang='lat' dir='ltr'><strong>durat</strong></span> <span class='ocrx_word' id='word_1_217' title='bbox 586 2092 662 2150; x_wconf 89' lang='lat' dir='ltr'><strong>ultra</strong></span> <span class='ocrx_word' id='word_1_218' title='bbox 688 2109 816 2167; x_wconf 88' lang='lat' dir='ltr'><strong>poenam</strong></span> <span class='ocrx_word' id='word_1_219' title='bbox 839 2092 1040 2152; x_wconf 88' lang='lat' dir='ltr'><strong>abdicationis.</strong></span> <span class='ocrx_word' id='word_1_220' title='bbox 1062 2123 1103 2135; x_wconf 90' lang='lat'>-</span> <span class='ocrx_word' id='word_1_221' title='bbox 1130 2093 1217 2152; x_wconf 83' lang='lat' dir='ltr'><strong>Ultra</strong></span> <span class='ocrx_word' id='word_1_222' title='bbox 1238 2095 1379 2154; x_wconf 88' lang='lat' dir='ltr'><strong>translate</strong></span> <span class='ocrx_word' id='word_1_223' title='bbox 1402 2094 1442 2153; x_wconf 88' lang='lat' dir='ltr'><strong>ad</strong></span> 
     </span>
     <span class='ocr_line' id='line_1_19' title="bbox 187 2193 1441 2271; baseline 0.003 -19"><span class='ocrx_word' id='word_1_224' title='bbox 187 2211 329 2269; x_wconf 90' lang='lat' dir='ltr'><strong>personas</strong></span> <span class='ocrx_word' id='word_1_225' title='bbox 348 2193 520 2263; x_wconf 84' lang='lat' dir='ltr'><strong>collocatur,</strong></span> <span class='ocrx_word' id='word_1_226' title='bbox 543 2194 622 2252; x_wconf 81' lang='lat' dir='ltr'><strong>velut</strong></span> <span class='ocrx_word' id='word_1_227' title='bbox 643 2211 672 2265; x_wconf 88' lang='lat'><strong>2,</strong></span> <span class='ocrx_word' id='word_1_228' title='bbox 697 2194 746 2264; x_wconf 88' lang='lat'><strong>88,</strong></span> <span class='ocrx_word' id='word_1_229' title='bbox 769 2211 800 2252; x_wconf 89' lang='lat'><strong>2:</strong></span> <span class='ocrx_word' id='word_1_230' title='bbox 829 2195 871 2253; x_wconf 91' lang='lat' dir='ltr'><strong>vir</strong></span> <span class='ocrx_word' id='word_1_231' title='bbox 892 2197 953 2254; x_wconf 91' lang='lat' dir='ltr'><strong>otio</strong></span> <span class='ocrx_word' id='word_1_232' title='bbox 975 2215 1010 2255; x_wconf 91' lang='lat' dir='ltr'><strong>ac</strong></span> <span class='ocrx_word' id='word_1_233' title='bbox 1032 2195 1160 2255; x_wconf 90' lang='lat' dir='ltr'><strong>mollitiis</strong></span> <span class='ocrx_word' id='word_1_234' title='bbox 1181 2214 1277 2271; x_wconf 89' lang='lat' dir='ltr'><strong>paene</strong></span> <span class='ocrx_word' id='word_1_235' title='bbox 1299 2197 1374 2255; x_wconf 89' lang='lat' dir='ltr'><strong>ultra</strong></span> <span class='ocrx_word' id='word_1_236' title='bbox 1397 2196 1441 2256; x_wconf 87' lang='lat' dir='ltr'><strong>se·</strong></span> 
     </span>
     <span class='ocr_line' id='line_1_20' title="bbox 188 2294 1439 2373; baseline 0.002 -21"><span class='ocrx_word' id='word_1_237' title='bbox 188 2296 301 2353; x_wconf 90' lang='lat' dir='ltr'><strong>minam</strong></span> <span class='ocrx_word' id='word_1_238' title='bbox 323 2295 429 2364; x_wconf 77' lang='lat' dir='ltr'><strong>fluens3</strong></span> <span class='ocrx_word' id='word_1_239' title='bbox 459 2311 492 2365; x_wconf 88' lang='lat'><strong>2,</strong></span> <span class='ocrx_word' id='word_1_240' title='bbox 518 2294 579 2365; x_wconf 90' lang='lat'>118,</span> <span class='ocrx_word' id='word_1_241' title='bbox 606 2311 638 2353; x_wconf 85' lang='lat'><strong>2:</strong></span> <span class='ocrx_word' id='word_1_242' title='bbox 661 2297 774 2372; x_wconf 81' lang='lat' dir='ltr'><strong>juvenis</strong></span> <span class='ocrx_word' id='word_1_243' title='bbox 796 2297 872 2356; x_wconf 81' lang='lat' dir='ltr'><strong>ultra</strong></span> <span class='ocrx_word' id='word_1_244' title='bbox 894 2299 1053 2356; x_wconf 89' lang='lat' dir='ltr'><strong>barbarum</strong></span> <span class='ocrx_word' id='word_1_245' title='bbox 1075 2306 1226 2373; x_wconf 89' lang='lat' dir='ltr'><strong>promptus</strong></span> <span class='ocrx_word' id='word_1_246' title='bbox 1248 2297 1376 2372; x_wconf 83' lang='lat' dir='ltr'><strong>ingenio.</strong></span> <span class='ocrx_word' id='word_1_247' title='bbox 1399 2328 1439 2338; x_wconf 95' lang='lat'><em>-</em></span> 
     </span>
     <span class='ocr_line' id='line_1_21' title="bbox 193 2394 1440 2474; baseline 0.006 -23"><span class='ocrx_word' id='word_1_248' title='bbox 193 2394 287 2468; x_wconf 83' lang='lat' dir='ltr'><strong>Usque</strong></span> <span class='ocrx_word' id='word_1_249' title='bbox 303 2413 356 2470; x_wconf 91' lang='lat' dir='ltr'><strong>pro</strong></span> <span class='ocrx_word' id='word_1_250' title='bbox 376 2416 462 2470; x_wconf 84' lang='lat' dir='ltr'><strong>usque</strong></span> <span class='ocrx_word' id='word_1_251' title='bbox 481 2397 566 2454; x_wconf 85' lang='lat' dir='ltr'><strong>adin</strong></span> <span class='ocrx_word' id='word_1_252' title='bbox 584 2397 684 2472; x_wconf 92' lang='lat' dir='ltr'><strong>primis</strong></span> <span class='ocrx_word' id='word_1_253' title='bbox 702 2398 931 2471; x_wconf 86' lang='lat' dir='ltr'><strong>significationes</strong></span> <span class='ocrx_word' id='word_1_254' title='bbox 949 2401 1064 2458; x_wconf 89' lang='lat' dir='ltr'><strong>urbium</strong></span> <span class='ocrx_word' id='word_1_255' title='bbox 1082 2400 1211 2474; x_wconf 90' lang='lat' dir='ltr'><strong>sequitur</strong></span> <span class='ocrx_word' id='word_1_256' title='bbox 1228 2407 1257 2457; x_wconf 88' lang='lat' dir='ltr'><strong>et</strong></span> <span class='ocrx_word' id='word_1_257' title='bbox 1275 2416 1325 2458; x_wconf 88' lang='lat' dir='ltr'><strong>eas</strong></span> <span class='ocrx_word' id='word_1_258' title='bbox 1344 2417 1440 2474; x_wconf 82' lang='lat' dir='ltr'><strong>voces,</strong></span> 
     </span>
     <span class='ocr_line' id='line_1_22' title="bbox 188 2497 1441 2589; baseline 0.004 -36"><span class='ocrx_word' id='word_1_259' title='bbox 188 2514 265 2571; x_wconf 89' lang='lat' dir='ltr'><strong>quae</strong></span> <span class='ocrx_word' id='word_1_260' title='bbox 286 2497 316 2554; x_wconf 92' lang='lat' dir='ltr'><strong>in</strong></span> <span class='ocrx_word' id='word_1_261' title='bbox 334 2514 371 2555; x_wconf 92' lang='lat' dir='ltr'><strong>eo</strong></span> <span class='ocrx_word' id='word_1_262' title='bbox 389 2516 512 2558; x_wconf 89' lang='lat' dir='ltr'><strong>numero</strong></span> <span class='ocrx_word' id='word_1_263' title='bbox 535 2500 688 2568; x_wconf 91' lang='lat' dir='ltr'><strong>habentur,</strong></span> <span class='ocrx_word' id='word_1_264' title='bbox 712 2500 791 2558; x_wconf 89' lang='lat' dir='ltr'><strong>velut</strong></span> <span class='ocrx_word' id='word_1_265' title='bbox 812 2516 837 2571; x_wconf 89' lang='lat'><strong>2,</strong></span> <span class='ocrx_word' id='word_1_266' title='bbox 856 2498 884 2570; x_wconf 87' lang='lat'><strong>6,</strong></span> <span class='ocrx_word' id='word_1_267' title='bbox 903 2517 934 2574; x_wconf 78' lang='lat'><strong>3:</strong></span> <span class='ocrx_word' id='word_1_268' title='bbox 958 2519 1051 2578; x_wconf 91' lang='lat' dir='ltr'><strong>usque</strong></span> <span class='ocrx_word' id='word_1_269' title='bbox 1069 2500 1160 2576; x_wconf 85' lang='lat' dir='ltr'><strong>Alpes</strong></span> <span class='ocrx_word' id='word_1_270' title='bbox 1178 2501 1356 2560; x_wconf 87' lang='lat' dir='ltr'><strong>extendebat</strong></span> <span class='ocrx_word' id='word_1_271' title='bbox 1373 2501 1441 2589; x_wconf 82' lang='lat' dir='ltr'><strong>civi·</strong></span> 
     </span>
    </p>
   </div>
   <div class='ocr_carea' id='block_1_5' title="bbox 186 2597 1441 2776">
    <p class='ocr_par' dir='ltr' id='par_1_5' title="bbox 186 2597 1441 2776">
     <span class='ocr_line' id='line_1_23' title="bbox 187 2597 1441 2677; baseline 0.002 -22"><span class='ocrx_word' id='word_1_272' title='bbox 187 2606 288 2656; x_wconf 90' lang='lat' dir='ltr'><strong>tatem.</strong></span> <span class='ocrx_word' id='word_1_273' title='bbox 316 2597 362 2656; x_wconf 87' lang='lat' dir='ltr'><strong>Cf.</strong></span> <span class='ocrx_word' id='word_1_274' title='bbox 381 2599 406 2676; x_wconf 88' lang='lat' dir='ltr'><strong>J.</strong></span> <span class='ocrx_word' id='word_1_275' title='bbox 425 2599 452 2657; x_wconf 89' lang='lat' dir='ltr'><strong>S.</strong></span> <span class='ocrx_word' id='word_1_276' title='bbox 471 2599 521 2659; x_wconf 91' lang='lat' dir='ltr'><strong>M.</strong></span> <span class='ocrx_word' id='word_1_277' title='bbox 534 2642 540 2658; x_wconf 96' lang='lat'><strong>.</strong></span> <span class='ocrx_word' id='word_1_278' title='bbox 552 2644 573 2671; x_wconf 90' lang='lat'><strong>.,</strong></span> <span class='ocrx_word' id='word_1_279' title='bbox 592 2601 769 2677; x_wconf 88' lang='lat' dir='ltr'><strong>Uebersicht</strong></span> <span class='ocrx_word' id='word_1_280' title='bbox 787 2601 859 2660; x_wconf 85' lang='lat' dir='ltr'><strong>aller</strong></span> <span class='ocrx_word' id='word_1_281' title='bbox 881 2619 946 2660; x_wconf 90' lang='lat' dir='ltr'><strong>zum</strong></span> <span class='ocrx_word' id='word_1_282' title='bbox 965 2604 1063 2661; x_wconf 88' lang='lat' dir='ltr'><strong>latein.</strong></span> <span class='ocrx_word' id='word_1_283' title='bbox 1081 2602 1320 2677; x_wconf 89' lang='lat' dir='ltr'><strong>Sprachstudium</strong></span> <span class='ocrx_word' id='word_1_284' title='bbox 1338 2600 1441 2675; x_wconf 83' lang='lat' dir='ltr'><strong>gehiir.</strong></span> 
     </span>
     <span class='ocr_line' id='line_1_24' title="bbox 186 2698 835 2776; baseline 0.002 -20"><span class='ocrx_word' id='word_1_285' title='bbox 186 2698 295 2757; x_wconf 86' lang='lat' dir='ltr'><strong>Partik.</strong></span> <span class='ocrx_word' id='word_1_286' title='bbox 320 2719 347 2775; x_wconf 93' lang='lat' dir='ltr'><strong>p.</strong></span> <span class='ocrx_word' id='word_1_287' title='bbox 370 2714 434 2776; x_wconf 82' lang='lat'><strong>547.</strong></span> <span class='ocrx_word' id='word_1_288' title='bbox 833 2703 835 2707; x_wconf 78' lang='grc'>’</span> 
     </span>
    </p>
   </div>
   <div class='ocr_carea' id='block_1_6' title="bbox 555 4499 1053 4551">
    <p class='ocr_par' dir='ltr' id='par_1_6' title="bbox 555 4499 1053 4551">
     <span class='ocr_line' id='line_1_25' title="bbox 555 4499 1053 4551; baseline 0.008 -11"><span class='ocrx_word' id='word_1_289' title='bbox 555 4499 624 4550; x_wconf 84' lang='lat' dir='ltr'><strong>Typis</strong></span> <span class='ocrx_word' id='word_1_290' title='bbox 638 4500 805 4551; x_wconf 82' lang='lat' dir='ltr'><strong>descripserunt</strong></span> <span class='ocrx_word' id='word_1_291' title='bbox 819 4503 879 4544; x_wconf 86' lang='lat' dir='ltr'><strong>Baer</strong></span> <span class='ocrx_word' id='word_1_292' title='bbox 893 4510 916 4544; x_wconf 87' lang='lat' dir='ltr'><strong>et</strong></span> <span class='ocrx_word' id='word_1_293' title='bbox 929 4503 1053 4545; x_wconf 81' lang='lat' dir='ltr'><strong>Hermann.</strong></span> 
     </span>
    </p>
   </div>
   <div class='ocr_carea' id='block_1_7' title="bbox 0 0 1558 5040">
    <p class='ocr_par' dir='ltr' id='par_1_7' title="bbox 0 0 1558 5040">
     <span class='ocr_line' id='line_1_26' title="bbox 0 0 1558 5040; baseline 0 0"><span class='ocrx_word' id='word_1_294' title='bbox 0 0 1558 5040; x_wconf 95' lang='lat' dir='ltr'><strong> </strong></span> 
     </span>
    </p>
   </div>
  </div>
 </body>
</html>
