3106 5040
672 321 936 384 -41-1

149 499 302 566 tamquam
324 490 354 548 in
380 508 483 550 omnes
509 508 625 568 semper
647 500 784 551 venturus
806 493 845 552 ab
871 491 1007 550 omnibus
1029 491 1195 549 timebatur.
1240 490 1284 550 Cf.
1309 491 1399 566 Verg.

148 592 222 651 Aen.
242 607 267 661 2,
290 597 342 666 47':
366 593 503 651 machina
525 594 692 669 inspectura
715 592 818 653 domos
841 601 1022 669 venturaque
1044 589 1170 668 desuper
1192 593 1265 650 urbi.

240 709 391 768 Vr'ndr'care
411 728 443 769 se
466 711 504 770 ab
526 711 595 788 alqo
617 710 723 771 eadem
745 712 772 769 vi
794 711 909 781 dicitur,
941 730 1001 788 qua
1030 728 1062 770 se
1085 713 1187 769 ulcticr'
1205 711 1252 769 -ab
1267 711 1347 788 ,alqo
1377 728 1398 782 1,

150 831 172 884 1,
191 829 222 889 3:
245 812 315 888 quin
333 829 365 870 se
383 813 472 871 etiam
495 829 513 871 a
531 811 650 890 Pyrrho,
664 812 784 872 Achillis
801 813 869 883 filio,
888 814 992 872 virtute
1009 812 1172 871 vindicavit.
1204 811 1249 872 Cf.
1272 813 1339 872 Seu.
1362 813 1400 872 de

147 915 234 974 clem.
260 933 281 984 1,
305 930 333 990 9,
356 929 387 989 5;
412 930 434 984 1,
455 929 497 983 21,
520 931 554 988 43
577 913 614 974 de
636 916 702 975 ben.
725 915 752 986 6,
775 931 801 991 5,
824 932 853 989 4.
876 946 916 959 -
940 933 972 974 se
999 915 1148 974 vindicare
1170 913 1207 973 de
1227 914 1298 991 alqo
1320 907 1400 974 inve-

148 1017 226 1082 nitur
247 1015 321 1075 Plin.
344 1034 390 1092 ep.
413 1031 441 1088 4,
467 1032 505 1086 11,
530 1032 622 1089 14.-
766 1003 767 1007 ¹
1343 1024 1347 1032 '

138 1131 142 1139 ’
235 1132 406 1193 Nonnulla
428 1136 519 1193 etiam
542 1136 631 1194 verba
652 1153 814 1218 eorumque
835 1136 1061 1211 significationes
1079 1135 1208 1213 Vellejus
1230 1152 1249 1193 a
1271 1137 1400 1211 superio-

147 1237 226 1296 ribus
245 1237 337 1312 poetis
361 1235 530 1312 desumpsit.
571 1237 644 1297 Sunt
666 1239 740 1297 haec
762 1238 837 1297 fere:

233 1356 400 1413 Assuescere
422 1373 476 1431 pro
494 1373 531 1414 eo
553 1355 664 1427 dicitur,
683 1356 763 1433 quod
785 1357 865 1434 apud
883 1357 1009 1432 optimos
1028 1357 1182 1432 scriptores
1200 1366 1244 1416 est
1265 1357 1400 1434 assuefa-

147 1477 207 1515 cere
233 1474 262 1527 2,
291 1471 341 1533 79,
371 1474 397 1516 1:
429 1457 632 1516 contrahendo
662 1458 746 1517 militi
777 1476 813 1516 ac
834 1440 939 1533 remigi
969 1457 1178 1533 navalibusque
1200 1457 1398 1517 assuescendo

148 1556 252 1636 (suppl.
274 1558 398 1618 militem
425 1577 460 1618 ac
482 1560 635 1634 remigem)
662 1561 870 1619 certaminibus
893 1554 981 1636 atque
1008 1556 1263 1618 exercitationibus
1285 1558 1372 1634 prael
1387 1588 1400 1602 ·

152 1663 214 1718 ctus
239 1667 285 1720 est
310 1659 353 1718 M.
378 1661 512 1737 Agrippa
541 1660 624 1734 (Hor.
653 1678 738 1720 serm.
765 1677 794 1731 2,
821 1677 849 1731 2,
879 1677 945 1737 109;
975 1661 1085 1719 Lucan.
1109 1676 1139 1736 5,
1167 1661 1234 1737 776;
1265 1647 1343 1720 Flor.
1371 1678 1399 1735 4.

150 1776 188 1832 12,
211 1761 270 1838 43l·
1071 1853 1073 1857 .
1119 1762 1121 1765 ’

230 1865 390 1922 Autumare
417 1882 478 1923 non
499 1865 596 1922 solum
618 1882 671 1941 pro
694 1867 863 1936 aestimare,
891 1883 1010 1924 censere
1033 1866 1149 1934 dicitur,
1172 1883 1232 1941 qua
1254 1866 1399 1941 significa·

146 1965 228 2022 tione
254 1973 348 2024 exstat
375 1965 454 2040 apud
476 1964 612 2024 Plautum
640 1966 872 2043 Terentiumque
900 1975 930 2025 et
951 1977 1071 2042 poetam
1099 1968 1179 2043 apud
1200 1967 1261 2027 Cic.
1288 1985 1329 2026 or.
1351 1983 1399 2042 49,

151 2064 205 2124 166
224 2073 254 2124 et
274 2073 335 2142 top.
355 2082 395 2141 15,
414 2081 457 2142 55,
476 2067 528 2125 sed
551 2069 641 2125 etiam
663 2068 832 2143 prodicere,
855 2071 1004 2126 nominare
1022 2079 1162 2145 sequente
1184 2068 1291 2144 duplici
1313 2086 1400 2127 accu-

129 2167 242 2226 'sativ'o
269 2167 344 2226 Vell.
368 2185 393 2239 1,
417 2167 450 2239 6,
472 2185 505 2242 4:
533 2187 624 2245 quam
651 2169 771 2244 quidam
793 2169 871 2227 Dido
898 2179 1053 2229 autumant
1079 2166 1125 2242 (cf.
1152 2168 1270 2253 Ruhnk.
1292 2169 1330 2227 ad
1357 2171 1400 2229 lo·

147 2269 236 2344 cum),
264 2270 343 2329 velut
368 2269 442 2330 Hor.
471 2288 558 2329 serm.
579 2286 609 2340 2,
632 2287 663 2345 3,
686 2286 739 2344 44:
766 2289 854 2347 quem
881 2272 1017 2332 insanum
1039 2271 1190 2348 Chrysippi
1217 2273 1344 2346 porticus
1371 2283 1400 2330 et

150 2388 223 2446 grex
258 2378 393 2431 autumat
423 2372 497 2442 ,den
528 2379 616 2430 nennt
644 2372 695 2431 des
722 2371 900 2449 Chrysippus
926 2369 1006 2433 Hall’
1033 2393 1061 2431 u.
1089 2373 1254 2433 Gemeinde
1279 2374 1400 2448 unklug‘

146 2471 315 2549 (Kirchner).
357 2474 414 2533 Alii
442 2474 500 2533 hoc
532 2475 598 2533 loco
621 2482 776 2533 autumare
798 2494 851 2551 pro
882 2493 1002 2534 censere
1034 2476 1193 2549 accipiunt;
1225 2474 1278 2533 sed
1308 2476 1397 2534 etiam

148 2573 371 2635 Commentator
393 2575 579 2653 Cr'uquianus
601 2595 656 2652 pro
679 2577 785 2646 dicere,
809 2579 963 2636 nominare
985 2579 1199 2652 interpretatur.

235 2692 462 2766 Cecumvorare,
493 2713 553 2772 quo
584 2695 729 2754 vocabulo
760 2705 867 2772 poetae
900 2695 1013 2754 classici
1040 2695 1157 2770 propria
1188 2695 1400 2769 significatione

150 2781 239 2872 saepe
261 2804 389 2866 utuntur,
413 2815 466 2873 per
488 2797 711 2858 translationem
735 2815 754 2857 a
776 2796 889 2875 Vellejo
911 2797 1005 2872 primo
1028 2797 1104 2854 inter
1126 2796 1211 2855 solut.
1235 2805 1308 2856 orat.
1331 2798 1401 2857 scri·

145 2903 243 2972 ptores
265 2907 422 2974 usurpatur
443 2917 498 2974 pro
516 2901 642 2957 celeriter
665 2902 825 2979 circumire,
845 2900 1020 2957 circumvehi
1038 2915 1063 2969 2,
1086 2913 1128 2974 27,
1151 2915 1180 2958 2:
1203 2917 1241 2960 eo
1263 2898 1322 2972 die,
1341 2918 1400 2976 quo

149 2998 361 3058 circumvolans
383 3000 500 3060 ordines
528 3001 672 3060 exercitus
695 3003 740 3070 sui
767 3002 870 3061 adesse
891 3001 1034 3061 Romanis
1061 3002 1196 3060 ultimum
1222 3001 1300 3060 diem
1323 3002 1400 3061 voci·

149 3098 307 3158 fetabatur.
342 3100 430 3175 Apud
452 3100 649 3160 Columellam
671 3100 704 3177 (1.
727 3102 819 3178 praef.
842 3100 862 3179 ξ
884 3100 912 3179 9)
934 3111 962 3161 et
980 3102 1124 3161 Senecam
1146 3100 1192 3177 (de
1214 3104 1257 3162 ira
1282 3119 1306 3174 2,
1326 3121 1354 3181 9,
1373 3103 1400 3180 3)

149 3201 256 3261 eadem
279 3202 423 3260 sententia
445 3202 565 3261 verbum
588 3202 821 3263 circumvolitare
843 3212 946 3264 exstat.
1378 3186 1380 3190 Ι

222 3319 343 3380 -Collidr'
365 3329 526 3398 praeeunte
548 3322 675 3383 Horatio
700 3321 792 3401 (epist.
818 3341 843 3392 1,
867 3340 896 3394 2,
920 3324 945 3399 7)
967 3325 1084 3399 ponitur
1106 3340 1160 3399 pro
1182 3324 1330 3393 deturbare,
1353 3325 1399 3381 de·
1485 3409 1488 3416 ⁴

146 3429 255 3481 certare
277 3438 305 3494 2,
329 3438 380 3499 52,
404 3440 435 3499 3:
461 3423 564 3483 collisa
590 3426 665 3485 iuter
687 3444 718 3484 se
744 3426 922 3500 reipublicae
949 3426 1047 3501 capita
1069 3432 1112 3484 tot
1138 3425 1272 3502 talesque
1295 3443 1398 3484 caesos

147 3518 223 3583 viros
245 3543 306 3585 non
327 3526 428 3600 recipit
450 3526 615 3586 enarrando
638 3528 685 3586 hic
703 3528 865 3603 scripturae
883 3527 1001 3610 modus;
1025 3525 1061 3584 cf.
1079 3527 1150 3586 Stat.
1173 3525 1269 3584 Theb.
1288 3526 1314 3597 6,
1334 3543 1398 3603 435.

148 3625 310 3701 Comparat
327 3625 519 3687 Ruhnkenius
541 3628 580 3687 ad
601 3629 700 3687 locum
719 3635 851 3686 nostrum
869 3627 1019 3687 Graecum
1038 3621 1227 3709 συγκρούειν
1251 3638 1281 3688 et
1303 3637 1398 3688 meta·
1490 3684 1493 3690 .

147 3726 285 3802 phoram,
313 3730 351 3787 ob
373 3727 544 3806 adjunctum
568 3731 678 3807 capita,
706 3729 827 3821 ductam
849 3747 913 3788 esse
935 3739 1020 3807 putat
1042 3731 1080 3788 ab
1104 3730 1291 3801 animalibus,
1322 3748 1398 3806 quae

146 3836 249 3887 mutuo
272 3847 416 3889 concursu
437 3831 535 3906 capita
560 3829 710 3890 collidunt.
756 3829 977 3889 Observabatur
1004 3829 1128 3890 fortasse
1150 3831 1276 3890 auctoris
1299 3832 1397 3890 animo

146 3931 228 3989 locus
249 3931 298 3992 ille
320 3932 409 4007 Verg.
431 3933 504 3991 Aen.
528 3949 568 4002 12,
591 3946 640 4008 715
662 3949 726 4007 sqq.

237 4049 413 4127 Compescere
434 4068 464 4121 2,
489 4069 532 4122 12,
557 4051 590 4110 6:
617 4069 676 4111 non
704 4060 804 4110 temen
831 4045 1019 4110 furorem
1038 4050 1141 4109 consul
1168 4052 1257 4109 armis
1280 4070 1395 4130 compe·

147 4153 229 4212 scuit.
273 4152 343 4212 Hoc
364 4155 539 4213 vocabulum
558 4153 662 4212 Plauto
685 4159 714 4209 et
737 4168 828 4210 aurea
850 4159 947 4212 aetate
969 4152 1063 4228 poetis
1086 4153 1226 4209 usitatum
1246 4154 1307 4229 jam
1329 4155 1397 4213 iude

147 4270 166 4311 a
188 4255 304 4333 Vellejo.
324 4255 503 4332 frequentari
525 4262 663 4330 coeptum
686 4264 731 4312 est
752 4251 833 4330 (Col,
855 4255 922 4314 Seu.
940 4255 1018 4331 phil,
1042 4252 1115 4312 Plin.
1137 4254 1215 4330 maj„
1238 4254 1362 4331 poster).

231 4357 345 4426 Deflere
367 4363 528 4433 praeeunte
551 4355 681 4429 Vergilio
703 4353 785 4429 (Aen.
807 4372 845 4426 11,
862 4372 912 4431 591
934 4357 1007 4415 haec
1025 4356 1074 4413 ubi
1093 4351 1218 4431 deflevit)
1241 4375 1259 4414 a
1282 4357 1396 4435 Vellejo

145 4457 252 4534 eadem
270 4460 297 4516 vi
318 4459 444 4536 ponitur,
462 4474 522 4534 qua
539 4475 681 4515 enarrare
702 4475 763 4512 cum
783 4457 890 4515 doloris
911 4478 995 4516 sensu
1013 4473 1037 4527 2,
1058 4474 1116 4533 119,
1137 4474 1162 4516 1:
1185 4476 1263 4518 nunc
1281 4477 1397 4518 summa
