3106 5040
672 341 712 352 ..
756 321 877 384 43¹-

87 465 89 469 ¹
143 500 293 577 praenitet
314 496 390 574 (Seu.
413 496 493 557 Med.
517 492 575 573 94).
620 495 751 556 Omnino
781 497 910 565 verbum,
937 496 1017 571 quod
1039 504 1083 556 est
1107 499 1204 572 nitere,
1227 497 1340 574 Velleio
1365 496 1396 556 in

145 600 256 662 deliciis
278 607 332 660 est.
367 597 412 659 Cf.
436 616 458 669 1,
483 613 522 674 17,
547 615 573 657 1:
596 598 697 658 dulces
719 598 842 658 facetiae
864 616 917 674 per
933 596 1106 658 Terentium
1129 607 1157 657 et
1179 597 1333 657 Afranium
1352 598 1396 657 ni·

145 703 276 771 1111111
299 717 325 772 2,
348 717 375 778 9,
400 718 425 760 1:
448 703 596 761 nituerunt
619 709 760 760 oratores.
803 700 850 759 De
871 700 1036 770 vocabulis,
1059 718 1141 777 quae
1160 698 1272 777 Vellejo
1295 700 1326 757 in
1348 700 1398 760 de·
1487 758 1490 763 ,

144 805 221 865 liciis
243 811 319 874 sunt,
343 803 479 864 conferas
501 803 621 880 Sauppe
642 821 670 879 p.
695 802 745 878 176
768 811 854 879 sqq.²

238 906 410 978 Quaeritare
436 905 555 963 verbum
587 905 682 982 poetis
713 903 908 980 superioribus
938 903 1044 961 Plauto
1074 910 1103 962 et
1132 902 1272 962 Terentio
1298 901 1398 978 (semel

143 1008 228 1086 ‘apud
251 1007 357 1067 Catuli
384 1021 432 1082 55,
459 1005 504 1082 3²)
531 1005 795 1091 frequentissimum
821 1006 895 1065 inter
922 1005 1007 1064 solut.
1035 1012 1109 1064 orat.
1137 1005 1292 1080 scriptores
1318 1006 1398 1081 apud

148 1110 275 1186 primum
298 1107 445 1185 Vellejum
471 1107 584 1165 videtur
606 1114 722 1165 exstare
746 1123 772 1176 1,
795 1122 827 1179 4,
851 1122 882 1180 3:
913 1123 1025 1180 magna
1052 1123 1120 1182 pars
1143 1105 1290 1167 Graeciae
1315 1107 1399 1168 sedes

147 1211 325 1287 quaeritans.
379 1209 550 1281 Quaeretare
580 1217 720 1284 sequente
751 1208 893 1284 particula
923 1227 962 1265 un
993 1209 1091 1266 Amm.
1123 1207 1217 1267 Marc.
1250 1226 1297 1282 14,
1325 1223 1355 1284 7,
1383 1224 1399 1284 7

147 1308 242 1388 (Adde
264 1311 346 1370 locos
369 1311 459 1368 ambo
481 1310 563 1368 lexic.
586 1308 700 1368 Latinis
722 1316 752 1368 et
773 1309 890 1367 Krebsii
912 1309 1090 1368 Antibarbar
1109 1310 1127 1386 ).

205 1392 208 1396 ’
237 1412 360 1485 Quatere
386 1412 520 1470 animum
541 1419 696 1488 poetarum
723 1429 806 1471 more
830 1412 932 1472 dicitur
954 1429 1008 1488 pro
1030 1431 1209 1481 commovere,
1227 1413 1400 1487 perturbare

85 1556 91 1565 .
148 1530 174 1586 2,
197 1529 257 1585 110,
281 1512 314 1571 6:
336 1513 406 1589 quin
428 1520 528 1572 tantus
550 1512 617 1571 belli
639 1521 736 1572 motus
759 1511 821 1583 fuit,
845 1521 876 1571 ut
894 1512 1030 1573 Caesaris
1051 1513 1182 1572 animum
1200 1520 1335 1590 quateret
1356 1522 1400 1572 at·

149 1635 206 1695 que
224 1623 353 1676 terreret.
398 1613 444 1673 Cf.
467 1613 540 1673 Hor.
563 1614 611 1673 od.
636 1633 657 1684 1,
683 1614 725 1685 16,
748 1630 778 1692 5:
801 1623 922 1692 quatere
944 1623 1083 1673 mentem.
1118 1615 1204 1673 Adde
1227 1614 1287 1674 Cic.
1310 1614 1398 1673 Tusc.

149 1734 175 1794 3,
198 1717 227 1790 6,
252 1733 295 1776 12:
318 1726 363 1776 est
385 1724 491 1775 natura
513 1717 542 1774 in
564 1717 669 1776 animis
691 1728 826 1776 tenerum
856 1716 996 1793 quiddam
1026 1723 1056 1775 et
1078 1715 1176 1787 molle,
1203 1716 1283 1793 quod
1305 1717 1400 1793 aegri·

150 1819 251 1879 tudine
274 1820 359 1896 quasi
380 1826 556 1894 tempestate
578 1819 735 1895 quatiatur.

235 1919 390 1980 Recensere
420 1919 628 1995 praeeuntibus
655 1917 761 1995 Ovidio
792 1926 822 1977 et
853 1920 982 1994 Vergilio
1012 1919 1042 1978 id
1068 1920 1221 1994 significat,
1253 1920 1333 1997 quod
1355 1930 1400 1978 est
1482 1977 1484 1982 .

153 2041 376 2094 commemorare,
389 2025 527 2097 persequi
542 2037 566 2093 2,
587 2038 646 2098 129,
671 2040 696 2081 1:
719 2021 772 2082 sed
793 2023 944 2099 proposita
966 2022 1049 2100 quasi
1066 2023 1201 2081 universa
1222 2023 1400 2098 principatus

153 2123 288 2184 Caesaris
309 2124 407 2184 forma
428 2125 545 2198 singula
566 2141 773 2183 recenseamus
795 2121 876 2200 (Plin.
899 2142 945 2199 ep.
968 2141 989 2195 1,
1009 2123 1035 2193 8,
1060 2140 1104 2201 15;
1127 2111 1255 2201 poster).

236 2227 382 2307 Resovere
404 2226 422 2284 i.
449 2245 471 2286 s.
498 2246 527 2304 q.
554 2227 669 2302 reficere
697 2244 723 2296 1,
754 2242 797 2302 15,
828 2242 854 2283 1:
886 2226 960 2284 vires
988 2226 1164 2285 refovendae
1190 2226 1284 2300 magis
1310 2244 1401 2302 quam

151 2330 351 2405 spargendae:
379 2344 408 2399 2,
434 2345 494 2404 113,
517 2344 547 2387 2:
574 2328 613 2387 ad
639 2326 813 2387 refovendas
840 2347 876 2386 ex
902 2327 1004 2386 itinere
1031 2328 1113 2387 vires.
1157 2326 1301 2386 Refovere
1327 2327 1401 2385 vires

150 2431 226 2490 Tac.
249 2449 318 2490 ann.
343 2447 386 2501 12,
410 2429 457 2489 66.
500 2430 570 2489 Hoc
595 2429 771 2489 vocabulum
798 2438 952 2505 poetarum
979 2431 1129 2505 proprium
1156 2437 1306 2504 argentea,
1325 2446 1402 2506 quae

155 2538 285 2603 vocatur,
308 2539 406 2592 aetate
430 2532 608 2608 frequentari
629 2539 767 2606 coeptum
789 2539 833 2589 est
856 2528 938 2608 (Plin.
961 2549 1017 2606 ep,
1039 2531 1127 2601 Suet,
1151 2529 1216 2605 alii).

194 2626 196 2630 ⁴
238 2631 402 2706 Reluctarr',
429 2651 489 2710 quo
512 2633 599 2691 verbo
622 2632 740 2708 propria
767 2633 979 2706 significatione
1001 2639 1109 2708 poetae
1134 2632 1246 2690 classici
1272 2638 1401 2700 utuntur,

153 2733 295 2793 translata
316 2744 473 2812 usurpatur
494 2750 523 2805 2,
548 2749 614 2804 102,
638 2750 670 2807 4:
698 2732 804 2792 deinde
831 2733 989 2792 reluctatus
1015 2733 1179 2811 invitusque
1205 2740 1352 2792 revertens
1373 2733 1403 2790 in

153 2835 270 2895 Italiam
291 2834 411 2911 (Quint,
433 2837 506 2895 Plin.
528 2853 597 2912 pan.
620 2834 674 2905 60;
697 2829 798 2912 Cum).

238 2937 360 3014 Replere
382 2939 400 2996 i.
423 2956 447 3003 s.
470 2957 498 3015 q.
521 2949 660 3008 recreare,
683 2939 799 3013 reficere
821 2953 846 3008 2,
868 2935 914 3013 56,
939 2955 967 2996 1:
990 2935 1214 3014 elephantorum
1236 2938 1402 2997 certaminis

156 3039 330 3114 spectaculis
351 3039 472 3114 replevit
497 3057 564 3098 eam
586 3033 722 3117 (urbem);
746 3054 775 3110 2,
800 3055 871 3110 100,
893 3055 923 3098 2:
950 3040 1062 3116 replere
1088 3041 1203 3099 animos
1229 3040 1401 3116 oculosque;

154 3155 179 3212 2,
196 3155 259 3215 103,
276 3156 301 3197 1:
320 3140 481 3200 incredibili
498 3142 608 3201 laetitia
625 3142 752 3218 patriam
769 3141 882 3217 replete
901 3139 1016 3218 (Plani,
1030 3142 1130 3216 Verg,
1146 3140 1211 3218 Ov.,
1228 3141 1300 3200 Plin.
1314 3139 1402 3217 mim).

238 3241 382 3301 Reverere
408 3261 460 3320 per
482 3244 702 3303 translationem
730 3243 875 3318 significat
900 3245 1026 3300 celeriter
1048 3244 1144 3327 redire
1165 3257 1194 3312 2,
1219 3258 1284 3312 120,
1307 3257 1337 3319 5:
1360 3243 1404 3302 his

155 3344 262 3404 auditis
284 3345 396 3404 revolat
418 3345 457 3404 ad
479 3354 606 3422 patrem;
630 3361 659 3417 2,
685 3361 746 3420 123,
771 3361 800 3402 2:
821 3344 870 3403 ille
892 3344 930 3403 ad
952 3352 1066 3419 patrem
1088 3343 1234 3403 revolavit
1281 3343 1326 3404 Cf.
1349 3343 1404 3404 Ov.

154 3455 223 3508 met.
247 3461 271 3522 7,
295 3446 366 3521 684:
389 3455 418 3506 et
440 3447 551 3507 revolet
573 3447 655 3505 nullo
675 3447 819 3506 referente
838 3455 1000 3506 cruentum.

242 3545 370 3623 Signare
396 3534 551 3625 poetarum
579 3566 661 3608 more
688 3549 806 3625 ponitur
833 3549 862 3606 in
888 3547 1083 3606 locutionibus
1110 3547 1167 3607 his:
1197 3545 1219 3623 1)
1240 3567 1293 3625 pro
1315 3551 1405 3637 conpi-

152 3665 250 3722 gnare
271 3649 387 3718 lr‘lterri,
410 3666 567 3709 memorare
590 3667 616 3720 1,
641 3650 686 3721 16,
712 3667 738 3709 1:
765 3651 835 3728 quin
861 3668 922 3709 rem
948 3650 989 3708 ad
1017 3648 1158 3726 quuidum
1185 3651 1345 3727 perfectam
1368 3649 1405 3707 si·

155 3765 245 3823 gnem
275 3750 341 3810 stilo
363 3751 437 3828 (Ov.,
468 3748 568 3829 Verg.,
600 3754 667 3813 Sen.
690 3754 769 3830 phil,
801 3752 911 3825 Quint,
935 3748 1000 3826 alii).
1045 3746 1071 3830 2)
1099 3769 1153 3828 pro
1184 3753 1353 3827 significare
1379 3767 1404 3819 2,

158 3864 213 3924 115,
235 3868 261 3910 1:
283 3852 436 3926 honorum,
459 3856 565 3932 quibus
592 3855 776 3933 triumphans
799 3873 868 3914 eum
895 3854 1006 3914 Caesar
1028 3853 1154 3925 donavit,
1173 3856 1271 3927 signat
1292 3869 1405 3909 memo·

155 3952 208 4010 ria.
234 3952 280 4012 Cf.
302 3952 398 4032 Capit
420 3956 486 4014 Alb.
509 3972 537 4029 4,
560 3970 586 4030 5.
1314 4017 1316 4020 .

244 4053 390 4131 Spargere
416 4057 434 4115 i.
456 4075 479 4116 s.
503 4075 531 4133 q.
554 4059 709 4132 dresrpara
736 4057 921 4135 profundere
944 4074 969 4130 1,
994 4071 1037 4132 15,
1060 4073 1089 4116 2:
1112 4066 1178 4133 post
1199 4057 1309 4117 bellum
1331 4058 1405 4116 vires

156 4154 333 4216 refovendae
354 4158 449 4234 magis
471 4175 561 4234 quam
579 4158 774 4234 spargendae.
819 4158 864 4217 Cf.
887 4158 961 4218 Hor.
984 4160 1068 4235 epist.
1090 4175 1118 4229 2,
1142 4175 1171 4230 2,
1196 4175 1259 4235 195:
1282 4176 1405 4234 spargas

156 4267 208 4317 tua
230 4259 372 4336 prodigus
394 4280 432 4320 an
454 4277 551 4336 neque
573 4268 722 4336 sumptum
745 4260 849 4321 invitus
872 4262 962 4321 facias
985 4269 1040 4320 etc.

246 4361 416 4433 Tumeseere,
439 4360 614 4420 vocabulum
637 4370 792 4439 poetarum
811 4364 968 4440 proprium,
992 4363 1029 4422 de
1050 4363 1124 4422 mari
1146 4364 1261 4439 proprie
1283 4381 1406 4439 usurpa·

155 4471 204 4522 tur
226 4464 333 4524 sensim
360 4472 512 4540 surgente,
544 4462 641 4522 donec
666 4464 875 4540 prorumpente
905 4463 1034 4540 procella
1058 4466 1090 4523 in
1115 4483 1264 4524 summum
1291 4472 1405 4525 aestum
