3106 5040
102 1218 179 1322 nr
208 1220 570 1324 nocuimus
600 1222 655 1326 ir.
685 1222 918 1330 varran
949 1223 1289 1334 tirunculi.

637 1457 770 1496 SCRIPSIT>

478 1585 685 1655 HENRICUS
708 1584 908 1646 GEORGES.

152 1887 199 1945 Ad
221 1889 416 1948 elocutionem
438 1889 480 1947 Μ.
504 1890 608 1968 Velleji
629 1889 775 1948 Paterculi
798 1890 821 1949 si
844 1891 975 1950 animum
998 1891 1188 1962 attendimus,
1213 1894 1323 1954 inveni·

66 2006 131 2048 mus
149 1989 187 2047 de
205 2007 244 2048 ea
254 1991 294 2048 ab
307 1991 370 2050 aliis
389 1991 472 2050 aliter
488 1991 650 2069 judicatum
668 2009 743 2052 esse.
769 1991 950 2051 Exstiterunt
968 1992 1047 2052 enim
1065 2011 1126 2052 non
1144 1994 1244 2054 solum·
1260 1996 1321 2073 ejus

64 2089 245 2162 laudatores,
277 2091 330 2151 sed
357 2093 447 2151 etiam
473 2092 619 2162 nonnulli,
650 2093 701 2170 qui
728 2111 795 2151 eam
821 2093 1007 2153 vehementer
1033 2094 1240 2170 vituperarent.
1285 2097 1322 2156 ln

23 2247 28 2258 ,
64 2209 188 2250 numero
214 2200 313 2252 autem
339 2194 565 2270 vituperantium
591 2193 726 2270 princeps
753 2194 806 2253 luit
833 2193 927 2253 Aldus
952 2194 1053 2272 Nepos
1079 2191 1128 2271 (ad
1150 2195 1252 2276 Vellej.
1280 2198 1327 2273 II,

62 2307 105 2367 52,
125 2292 162 2368 4),
185 2295 233 2352 cui
253 2296 451 2354 assentiuntur
472 2297 608 2355 Barthius
625 2294 665 2370 (in
683 2295 803 2355 Advers.
822 2296 905 2365 XVI,
924 2309 940 2372 7
962 2296 1009 2355 ed.
1028 2295 1164 2355 Francot'.
1186 2294 1270 2375 1648)
1291 2309 1320 2358 et

62 2392 95 2451 P.
117 2393 305 2455 Burmannus
325 2394 366 2470 {in
387 2396 513 2456 Praefat.
541 2397 671 2456 adedit.
694 2393 822 2476 Vellei),
855 2398 962 2475 quibus
988 2415 1086 2458 sermo
1110 2398 1279 2476 VelleJ’anus
1301 2416 1320 2456 a

62 2495 207 2555 munditia
228 2495 371 2571 Augustei
395 2499 459 2556 aevi
477 2497 632 2558 descivisse
654 2499 731 2558 visus
754 2508 808 2559 est.
842 2499 901 2558 Sed
923 2506 1099 2574 argumenta
1120 2499 1235 2559 illorum
1253 2501 1320 2559 bre·

61 2597 133 2656 viter
163 2605 194 2656 et
219 2594 330 2674 optime
356 2598 492 2658 refutavit
512 2599 588 2658 Dav.
610 2599 803 2658 Ruhnkenius
824 2599 863 2676 (in
888 2600 1075 2659 Praelatione
1097 2619 1126 2676 p.
1149 2600 1241 2676 XX.),
1265 2600 1318 2659 do·

62 2699 207 2758 ctissimus
228 2699 277 2757 ille
298 2700 667 2771 latinitatis'existimator,
694 2701 808 2779 Vellejo
830 2708 995 2773 ,venustum
1017 2709 1048 2760 et
1073 2701 1248 2777 exquisitum
1275 2701 1318 2761 lo·

61 2800 170 2877 quendi
196 2803 300 2876 genus‘
326 2803 496 2861 attribuens.
539 2801 692 2862 Summam
714 2811 814 2862 autem
835 2801 954 2863 laudem
981 2810 1099 2880 propter
1121 2802 1235 2862 dicendi
1258 2803 1315 2863 ele·

61 2903 194 2975 gantiam
217 2902 334 2980 Vellejo
355 2904 575 2979 impertiverunt
596 2913 713 2980 praeter
732 2904 942 2977 Ruhnkenium
962 2905 1072 2963 Beatus
1093 2904 1256 2964 Rhenanus
1277 2901 1322 2980 (in-

62 3001 245 3063 Praelatione
262 3005 308 3063 ed.
326 2997 432 3080 Frob.)'
445 3005 601 3083 ,Vellejum
624 3006 696 3064 nulli
718 3007 793 3065 inter
814 3007 923 3065 latinos
948 3004 1120 3076 secundum,
1143 3013 1256 3066 castum
1279 3023 1315 3065 ac

62 3102 194 3163 nitidum‘
225 3105 337 3175 dicens;
370 3105 440 3164 Ger.
469 3104 530 3184 Jos.
558 3107 681 3166 Vossius
706 3105 754 3181 (de
780 3107 847 3166 hist.
876 3106 957 3166 latin.
982 3106 1032 3164 lib.
1058 3106 1082 3164 1.
1109 3123 1176 3181 cap.
1203 3106 1314 3164 XXIV.

59 3204 178 3284 p.120),
201 3210 250 3284 qui
268 3209 396 3268 affirmat
416 3207 575 3266 dictionem
596 3207 686 3282 plane
703 3208 874 3267 Romanam
896 3216 928 3267 et
943 3207 1111 3281 elegantem
1133 3221 1211 3274 esse;
1233 3206 1316 3264 llar-

29 3331 33 3335 ·
59 3323 111 3366 cus
133 3307 279 3369 Antonius
298 3308 437 3369 Muretus
458 3307 507 3382 (ad
529 3308 621 3367 Cicer.
644 3316 719 3367 orat.
741 3310 770 3367 in
793 3307 859 3392 Cat.
883 3307 940 3378 111,
964 3305 1021 3382 10),
1044 3305 1179 3377 idoneus,
1203 3306 1228 3367 si
1250 3307 1314 3383 quis

58 3409 145 3480 alius,
172 3411 256 3489 hujus
283 3413 324 3471 rei
351 3413 474 3487 arbiter,
499 3411 549 3487 qui
576 3410 728 3469 historiam
754 3428 774 3468 a
800 3408 914 3485 Vellejo
936 3417 1012 3468 terse
1036 3410 1067 3468 in
1097 3408 1197 3485 primis
1224 3416 1318 3487 atque

58 3509 210 3584 eleganter
232 3513 407 3588 explicatam
430 3531 494 3574 esse
514 3512 634 3591 judicat.

142 3608 252 3670 Nostra
269 3613 388 3673 demum
407 3623 505 3674 aetate
518 3615 558 3673 H.
573 3613 718 3691 Sauppius
736 3613 767 3672 in
784 3611 890 3672 Museo
908 3611 1110 3671 Helvetiorum
1127 3608 1225 3686 (Tom.
1244 3597 1267 3679 I,
1287 3626 1312 3669 2.

57 3731 85 3789 p.
96 3726 143 3788 177
158 3710 232 3789 sqq.)
240 3720 269 3771 et
282 3714 315 3772 F.
326 3714 451 3776 Kritzius
465 3718 495 3776 in
504 3715 725 3791 Prolegomenis
736 3714 776 3774 ad
784 3714 943 3772 editionem
953 3711 1140 3789 Vellejanam
1149 3708 1187 3788 (p.
1197 3710 1312 3770 XLVII

57 3811 138 3891 sqq.),
162 3816 213 3873 viri
232 3816 399 3888 doctissimi,
422 3819 590 3894 opinionem
608 3835 720 3887 eorum,
739 3816 789 3894 qui
811 3815 958 3892 putabant
974 3813 1120 3890 Vellejum
1142 3829 1229 3871 usum
1247 3829 1311 3870 esse

57 3918 189 3976 oratione
211 3917 365 3993 praeclara
387 3927 417 3977 et
438 3919 530 3994 polita
557 3929 646 3997 atque
668 3919 798 3994 eleganti
819 3934 946 3992 eumque
973 3915 1114 3991 scriptore
1136 3913 1216 3972 nullo
1238 3911 1311 3970 infe·

56 4018 163 4077 riorem
185 4037 249 4079 esse
271 4018 404 4079 refellere
431 4023 529 4080 conati
555 4030 632 4080 sunt.
676 4020 867 4096 Quamquam
895 4025 1008 4087 autem,
1035 4031 1112 4092 quae
1138 4021 1183 4073 est
1205 4012 1325 4072 mentis·

56 4119 134 4178 acies
157 4128 187 4179 et
209 4121 239 4179 in
262 4121 318 4181 hac
340 4140 371 4180 re
391 4120 551 4199 judicanda
572 4123 732 4182 auctoritas
755 4122 869 4181 illorum
892 4121 1032 4188 virorum,
1055 4114 1210 4200 exemplis,
1232 4132 1325 4191 quae·

55 4219 95 4279 ad
118 4223 372 4297 comprobandam
394 4223 569 4287 sententiam
591 4242 676 4282 suam
699 4223 896 4293 contulerunt,
919 4219 1066 4279 evidenter
1089 4216 1309 4276 demonstrave-

54 4331 122 4381 runt
154 4323 259 4402 Velleji
286 4324 482 4401 elocutionem
509 4325 608 4384 multis
635 4325 771 4385 laborare
797 4325 884 4394 vitiis,
912 4330 1013 4382 tamen
1040 4317 1163 4381 concedi
1188 4334 1308 4378 necesse
1362 4344 1363 4349 ¹

1092 4434 1102 4465 Ι
