3106 5040
146 466 192 520 est
213 462 282 520 vitia
298 460 348 520 illa
371 457 558 521 attribuenda
575 477 640 520 esse
662 459 823 519 maximam
842 468 956 535 partem
975 460 1065 519 aetati
1084 458 1197 538 Velleji,
1220 481 1279 541 qua
1303 479 1322 521 a
1340 481 1416 540 per·

150 562 228 622 lecta
249 570 279 621 et
299 561 444 639 perpolita
466 562 593 622 dictione
614 561 811 622 Ciceroniana
833 562 929 637 magis
952 562 1107 638 magisque
1129 579 1279 622 recessum
1302 571 1362 628 est..

232 661 308 722 Tres
330 664 514 740 potissimum
536 682 641 724 causas
659 663 785 722 Kritzius
808 663 935 722 affirmat
957 681 989 722 se
1006 663 1158 739 reperisse,
1180 663 1285 740 quibus
1303 672 1413 740 pateat

150 762 329 844 Vellejanae·
348 766 505 825 elocutioni
528 764 722 840 elegantiam,
752 783 843 842 quam
871 764 954 824 multi
977 764 1149 840 interpretes
1171 766 1200 824 in
1222 783 1259 824 ea
1282 765 1413 827 laudar'e

146 883 207 926 non
226 865 428 936 dubitaverint,
451 867 538 926 tribui
555 885 615 926 non
637 884 734 943 posse.
780 867 911 925 Primum
932 868 1021 936 enim,
1045 865 1123 936 dicit,
1147 866 1277 944 Vellejus
1301 867 1413 944 hyper·

147 967 274 1027 bolicam
295 966 377 1026 illam
400 968 515 1027 dicendi
537 969 682 1027 rationem
700 975 845 1037 sectatur,
874 967 985 1044 quain
1012 968 1099 1027 rebus
1122 968 1319 1043 significandis
1343 987 1412 1029 mo·

145 1068 217 1127 dum
239 1069 354 1129 excedit
375 1077 405 1128 et
429 1068 524 1128 verbis
547 1070 635 1127 utitur
663 1068 702 1128 ad
729 1068 898 1129 alliciendos
932 1070 1055 1129 lectores
1083 1070 1167 1129 nimis
1196 1069 1354 1147 splendidis
1380 1081 1412 1132 et

145 1171 185 1228 ab
208 1171 329 1247 antiqua
346 1171 532 1248 simplicitate
552 1172 642 1246 longe
660 1171 873 1230 recedentibus.
910 1170 999 1229 Aliud
1023 1171 1128 1248 Velleji
1156 1172 1268 1241 vitium,
1292 1172 1411 1233 Kritzio

142 1270 253 1348 judice,
281 1273 310 1331 in
337 1289 374 1332 eo
399 1273 541 1344 cernitur,
572 1271 653 1350 quod
680 1273 710 1333 in
733 1274 878 1334 sententia
905 1274 1010 1332 eadem
1037 1272 1167 1348 plurimis
1194 1271 1289 1331 modis
1312 1291 1406 1332 enun-

147 1373 248 1432 tianda
270 1373 370 1453 itaque
395 1374 537 1435 varianda
560 1374 739 1445 orationem,
767 1392 857 1451 quam
880 1392 985 1434 ornare
1008 1373 1108 1437 studet,
1126 1375 1261 1448 scriptor,
1285 1385 1411 1435 enervet

146 1480 238 1550 atque
269 1469 441 1535 deteriorem
474 1476 588 1537 reddat.
637 1475 739 1548 Quare
770 1476 942 1534 brevitatem
974 1474 1102 1544 dicendi,
1134 1492 1225 1551 quam
1255 1477 1409 1551 propriam

144 1593 212 1634 esse
240 1576 342 1654 Velleji
373 1578 456 1637 multi
482 1579 662 1655 putaverint,
695 1578 801 1637 frustra
828 1578 930 1653 quaeri
957 1578 986 1636 in
1014 1577 1062 1634 illo
1089 1576 1215 1635 Kritzius
1243 1577 1408 1638 contendit.

146 1675 250 1736 Tertia
276 1677 402 1755 denique
429 1698 533 1750 causa,
560 1680 654 1756 inquit
680 1678 820 1749 Kritzius,
852 1695 929 1754 quae
955 1678 1104 1753 perfectae
1134 1678 1229 1754 operis
1258 1677 1408 1756 Vellejani

146 1777 260 1837 formae
282 1781 384 1851 obfuit,
397 1783 437 1839 ‘in
456 1781 640 1841 testinatione
662 1781 759 1856 posita
776 1788 828 1848 est,
852 1797 930 1856 quae
951 1798 1043 1855 quum
1065 1779 1223 1856 plurimum
1245 1778 1342 1838 valeat
1366 1783 1408 1840 ad

146 1881 349 1941 excusandum
370 1884 551 1959 scriptorem,
574 1890 675 1941 tamen
697 1882 867 1958 saepissime
885 1881 1043 1955 caliginem
1066 1878 1217 1956 quandam
1240 1883 1408 1942 sententiae

144 1980 264 2041 inducit.
308 1982 394 2045 Haec
416 1984 558 2045 hactenus
581 1983 715 2043 Kritzius.
1311 1970 1317 1979 ⁶

231 2083 325 2145 Nobis
343 2092 442 2145 autem
465 2086 527 2146 sine
548 2087 592 2145 ira
614 2094 644 2145 et
665 2085 761 2145 studio
783 2102 950 2144 sermonem
973 2084 1159 2161 Vellejanum
1181 2085 1406 2145 aestimantibus

146 2192 216 2245 ante
238 2188 340 2244 omnia
361 2186 607 2246 considerandum
630 2194 676 2245 est
697 2185 846 2261 scripsisse
870 2185 1015 2262 Vellejum
1039 2202 1076 2243 ea
1098 2193 1209 2256 aetate,
1236 2204 1297 2264 qua
1319 2195 1352 2244 ut
1374 2188 1405 2246 in

146 2272 297 2362 republica
320 2294 349 2345 et
375 2287 405 2347 in
427 2287 556 2346 moribus
579 2285 647 2345 nibil
671 2287 732 2345 fere
754 2287 892 2362 pristinae
914 2285 1046 2345 sanitatis
1069 2293 1098 2344 et
1124 2287 1236 2346 roboris
1259 2286 1404 2364 reliquum
1458 2331 1463 2340 .

144 2395 222 2457 erat,
255 2389 295 2447 ita
325 2387 355 2447 in
381 2388 482 2447 litteris
513 2406 632 2465 quoque
661 2387 794 2447 sanitatis
824 2373 873 2445 ille
904 2386 997 2455 color,
1029 2405 1117 2463 quem
1145 2388 1175 2446 in
1206 2389 1405 2464 superioribus

145 2470 336 2566 scriptoribus
367 2491 397 2549 in
420 2491 520 2566 primis
542 2489 572 2549 in
594 2489 737 2550 Cicerone
765 2496 920 2565 tantopere
945 2488 1138 2559 admiramur,
1166 2490 1309 2566 paulatim
1336 2508 1405 2550 eva·

146 2600 260 2651 nuerat.
296 2591 386 2670 Cujus
408 2593 450 2651 rei
472 2610 563 2653 causa
585 2610 604 2651 a
628 2596 811 2652 commutata
833 2592 1016 2668 potissimum
1039 2590 1192 2668 disciplina
1214 2590 1335 2651 civitatis
1358 2611 1405 2652 re·
1423 2657 1425 2661 ,

146 2675 280 2768 petenda¹
296 2702 350 2753 est.
394 2693 495 2766 Quum
523 2695 600 2753 enim
618 2693 785 2754 Caesarum
809 2693 1001 2753 dominationi
1024 2693 1188 2769 respublica
1210 2694 1340 2768 subjecta
1358 2711 1404 2752 es·

145 2800 204 2864 set,
228 2794 289 2852 fieri
312 2812 372 2854 non
393 2803 522 2870 poterat,
540 2796 616 2870 quin
639 2803 768 2854 mutatus
795 2795 972 2871 reipublicae
994 2802 1087 2854 status
1114 2811 1256 2869 magnam
1279 2793 1336 2850 vim
1364 2793 1404 2851 ad

144 2902 224 2952 artes
247 2902 276 2953 et
298 2895 409 2954 litteras
431 2894 571 2955 colendas
594 2895 715 2955 baberet
737 2904 766 2954 et
788 2894 967 2972 eloquentia,
991 2915 1068 2972 quae
1090 2896 1269 2973 temporibus
1291 2894 1402 2953 liberae

146 2994 323 3071 reipublicae
345 2997 374 3056 in
397 2997 509 3055 honore
530 3004 619 3067 esset,
644 2997 682 3054 ad
705 2995 933 3056 ostentationem
955 3004 984 3056 et
1006 2997 1163 3058 blanditias
1186 2997 1379 3056 delaberetur.

164 3096 168 3103 ’
231 3097 336 3177 Itaque
358 3097 398 3155 H.
416 3097 575 3174 Sauppius‚
598 3083 779 3176 quamquam
798 3099 879 3168 vitia,
903 3098 1009 3176 quibus
1030 3101 1125 3159 oratio
1144 3101 1297 3177 Vellejana
1319 3097 1403 3156 labo·

145 3207 203 3268 ret,
226 3198 379 3271 intellexit,
402 3199 512 3276 optime
538 3206 568 3259 et
587 3200 748 3276 justissime
769 3199 806 3259 de
828 3218 865 3258 ea
889 3200 1034 3279 judicasse
1052 3202 1122 3259 mihi
1143 3201 1264 3267 videtur,
1287 3199 1311 3255 si
1334 3197 1403 3253 dicit

147 3296 186 3377 (p.
206 3296 280 3376 179):
303 3302 359 3370 ,Im
378 3299 502 3362 Ganzen
522 3301 632 3380 J'edoch
650 3302 687 3360 ist
709 3303 756 3362 die
773 3303 902 3379 Spracbe
920 3302 980 3361 rein
1004 3302 1064 3359 und
1082 3296 1233 3365 diessend,
1248 3297 1301 3354 mit
1323 3294 1401 3353 allen

144 3401 290 3476 Mingeln
308 3404 369 3461 und
385 3403 543 3479 Vorziigen
561 3404 613 3464 des
631 3404 801 3479 damaligen
819 3402 997 3463 Ausdrucks.
1032 3398 1129 3457 Bilder
1146 3396 1207 3453 und
1225 3394 1401 3470 Wituspiele,

145 3500 319 3561 Antithesen
341 3502 402 3562 und
423 3487 598 3574 Sentenzen,
621 3506 769 3580 poetische
792 3504 894 3562 Worte
915 3502 976 3581 und
997 3504 1132 3574 gewagte
1154 3484 1402 3556 Cedankenwen·

143 3601 279 3676 dungen,
303 3603 391 3662 kurze
413 3604 603 3679 abgerissene
625 3605 710 3663 Satze
731 3603 879 3663 bemiihen
901 3601 975 3670 sich,
1004 3599 1051 3657 die
1073 3599 1313 3675 abgestumpiten
1341 3584 1402 3658 und

148 3702 327 3762 iiberrei'zten
350 3702 466 3763 Geister
492 3723 526 3763 zu
554 3722 644 3764 neuer
666 3703 862 3764 Theilnahme
889 3701 1085 3776 aulzuregen.‘
1134 3700 1244 3760 Videas
1275 3717 1400 3778 quoque,

142 3803 217 3879 quid
237 3805 347 3882 judicet
369 3805 407 3863 de
429 3804 543 3883 Velleio
565 3805 736 3882 Bernhardy
756 3805 785 3864 in
807 3804 907 3862 Litter.
926 3803 1054 3862 Roman.
1077 3823 1105 3881 p.
1125 3819 1174 3878 722
1197 3799 1275 3881 (edit.
1295 3800 1349 3874 V.).

167 3908 169 3913 ’
233 3904 334 3976 Quum
361 3912 462 3965 autem
484 3906 613 3984 Vellejus
640 3906 857 3983 antiquissimus
885 3904 922 3964 sit
949 3906 1136 3982 scriptorum,
1168 3907 1217 3983 qui
1248 3910 1399 3979 argentea,

142 4025 225 4084 quae
248 4016 380 4078 vocatur,
412 4014 509 4067 aetate
531 4008 680 4068 historiam
708 4016 936 4084 composuerunt
959 4014 988 4066 et
1011 4027 1101 4084 quum
1124 4026 1161 4066 ex
1184 4024 1220 4066 eo
1243 4005 1401 4065 clarissime

143 4109 339 4186 intelligatur,
369 4119 512 4187 quantum
539 4130 558 4169 a
579 4110 709 4186 perfecta
735 4119 765 4170 et
791 4110 935 4187 perpolita
963 4111 1104 4180 dictione,
1132 4127 1221 4186 quam
1250 4108 1278 4176 in
1305 4107 1402 4183 reipu-

144 4208 244 4269 blicae
265 4210 375 4272 liberae
402 4213 590 4289 scriptoribus
617 4212 809 4282 admiramur,
837 4230 984 4272 recessum
1008 4213 1056 4282 sit,
1077 4198 1189 4287 'operae
1211 4210 1335 4286 pretium
1359 4209 1420 4274 fr

142 4314 246 4371 ·cturus
264 4313 336 4372 mihi
353 4312 482 4386 videbar,
505 4315 528 4374 si
551 4315 588 4374 de
606 4295 772 4374 elocutione
789 4316 851 4392 ejus
869 4314 1011 4375 nonnulla
1029 4331 1176 4390 exponere
1195 4329 1326 4371 conarer.
1364 4308 1403 4368 Et

143 4429 330 4490 quamquam
347 4415 549 4491 intelligebam
568 4416 645 4475 hanc
667 4434 729 4475 rem
748 4424 776 4476 et
798 4416 923 4476 multum
941 4415 1116 4474 difficultatis
1134 4414 1244 4472 habere
1262 4398 1291 4472 et
1308 4411 1403 4470 multo
