3106 5040
666 290 871 367 ,38-

142 482 274 561 jungitur
295 497 320 551 2,
343 497 390 552 20,
413 497 442 538 2:
466 479 562 539 Cinna
584 481 614 538 in
636 480 772 538 omnibus
795 481 925 539 tribubus
946 498 978 539 se
999 497 1050 538 eos
1072 480 1291 538 distributurum
1314 479 1397 554 polli-

145 585 219 644 citus
242 590 294 642 est.
334 582 381 640 De
402 581 459 641 hac
483 588 630 641 structura
654 582 734 660 apud
749 571 856 641 ‘omnes
877 581 1101 657 lexicographos
1124 589 1247 640 tacetur.

230 683 374 754 Erudr’re,
397 683 477 760 quod
499 683 578 760 apud
600 684 726 760 optimos
753 685 908 761 scriptores
929 691 1044 743 tantum
1071 682 1108 743 de
1130 684 1261 758 personis
1283 683 1394 754 dicitur,

61 847 63 850 .
143 794 305 863 praeeunte
329 784 435 846 Ovidio
455 783 524 861 (am.
545 802 566 858 1,
587 803 629 861 14,
648 802 700 862 30:
720 786 800 845 erud.
820 802 904 858 acus;
923 805 994 845 rem.
1012 803 1073 864 am.
1089 783 1165 860 690:
1187 784 1267 843 erud.
1285 783 1398 858 oculos)

144 887 318 947 transfertur
340 887 379 947 ad
401 907 446 948 res
469 905 494 958 2,
517 906 563 965 59,
586 906 618 963 4:
642 889 681 948 ad
703 888 896 948 erudiendam
917 888 1086 948 liberalibus
1113 886 1269 962 disciplinis
1296 886 1396 960 singu·

143 990 212 1048 laris
234 989 364 1048 indolem
383 991 496 1068 juvenis
518 990 706 1067 Apolloniam
729 1009 797 1050 eum
819 991 849 1050 in
871 990 967 1050 studia
989 991 1117 1048 miserat.
1156 986 1201 1047 Cf.
1220 987 1292 1045 Plin.
1316 988 1344 1045 h.
1367 1007 1397 1045 n.

147 1107 198 1167 34,
221 1089 239 1149 8
260 1089 324 1168 (191,
348 1091 399 1168 56:
422 1093 583 1152 toreuticen
604 1093 685 1152 erud.
708 1123 748 1134 —
771 1091 849 1151 Flor.
874 1109 895 1162 1,
919 1090 946 1163 6,
971 1108 996 1150 1:
1019 1091 1146 1149 educare
1168 1089 1304 1148 indolem.

231 1193 328 1253 Enete
355 1179 385 1253 in
411 1194 491 1271 alqm
518 1194 644 1269 gradum
673 1195 789 1253 honoris
819 1193 899 1253 haud
929 1210 996 1253 raro
1023 1211 1041 1252 a
1069 1191 1181 1269 Vellejo
1207 1192 1312 1250 dicitur
1343 1209 1396 1266 pro

147 1299 296 1354 oscendere
318 1297 526 1372 praeeuntibus
548 1297 682 1356 Horatio
698 1305 728 1355 et
753 1295 882 1372 Vergilio
900 1312 924 1365 2,
943 1311 970 1368 4,
990 1309 1019 1370 7:
1042 1295 1071 1352 in
1088 1311 1176 1371 quem
1193 1289 1400 1368 (consulatum)

147 1404 265 1455 evectus
291 1407 348 1467 est;
377 1414 402 1468 2,
430 1413 479 1473 30,
507 1414 538 1472 3:
561 1399 590 1457 in
613 1416 761 1457 summum
789 1398 937 1474 fastigium
963 1396 1066 1473 (suppl.
1089 1396 1232 1454 honorum
1254 1404 1285 1454 et
1300 1397 1399 1470 irnpe-
1462 1438 1464 1443 .

147 1492 267 1571 riorum)
289 1508 424 1558 evectum
444 1496 560 1573 (eadem
584 1501 693 1559 locutio
714 1516 738 1570 2,
761 1498 807 1575 56,
831 1514 861 1574 33
885 1516 909 1569 2,
934 1497 992 1569 116,
1015 1495 1056 1574 4);
1079 1513 1104 1566 2,
1127 1512 1170 1573 53,
1194 1511 1225 1570 3:
1247 1497 1299 1554 viri
1321 1497 1397 1555 inid

144 1599 248 1669 evecti,
282 1617 369 1676 super
396 1601 475 1677 quod
505 1602 624 1660 ascendi
650 1619 709 1659 non
736 1609 845 1677 potest;
872 1617 897 1670 2,
922 1613 978 1676 127,
1003 1617 1030 1658 1:
1061 1600 1100 1658 ad
1127 1598 1300 1675 multiplices
1327 1616 1397 1657 con·

95 1698 96 1702 ’
146 1701 259 1760 sulatus
291 1703 510 1780 triumphosque
542 1703 632 1762 evehi.
681 1704 785 1763 Activa
812 1702 906 1761 torma
932 1706 971 1773 2,
991 1716 1044 1778 9ο,
1075 1717 1101 1758 1:
1133 1718 1222 1777 quem
1249 1719 1341 1776 usque
1366 1701 1395 1758 in

145 1803 264 1861 tertium
286 1805 470 1867 consulatum
493 1806 620 1866 amicitia
642 1806 778 1882 principis
801 1812 936 1863 evexerat
961 1800 1032 1879 (Liv.
1055 1801 1123 1878 epit.
1142 1800 1193 1860 68:
1221 1801 1329 1858 homini
1358 1801 1397 1858 ad

148 1911 247 1962 tantos
269 1905 396 1966 honores
418 1915 533 1984 evect03
555 1905 652 1966 Livius
674 1908 736 1982 ipse
758 1922 799 1976 22,
819 1905 864 1976 26,
887 1921 916 1964 2:
939 1904 1089 1981 pervenire
1111 1903 1150 1962 ad
1173 1903 1298 1961 honores
1320 1901 1398 1960 dicit.

146 2005 222 2065 Tac.
245 2006 314 2066 dial.
340 2024 383 2083 13:
409 2008 490 2068 eveh.
513 2008 552 2068 ad
575 2009 756 2079 consulatus;
784 2007 863 2069 Curt
885 2025 914 2082 4,
938 2023 982 2078 10,
1004 2023 1055 2066 20:
1083 2006 1122 2065 ad
1144 2023 1291 2065 summurn
1320 2003 1399 2062 lasti·

143 2108 230 2182 glum
252 2104 351 2184 evehi).

234 2208 349 2269 Illicere
367 2211 446 2286 a-pud
469 2212 595 2286 optimos
617 2212 772 2288 scriptores
795 2213 967 2288 plerumque
983 2219 1140 2287 usurpatur
1157 2209 1187 2267 in
1204 2207 1314 2265 malam
1333 2223 1400 2282 par·

149 2319 223 2381 tem,
246 2329 306 2387 qua
326 2311 538 2387 significatione
559 2319 655 2371 exstat
676 2312 755 2389 apud
774 2313 918 2390 Vellejum
940 2327 965 2384 2,
990 2329 1030 2388 13,
1053 2328 1082 2380 2;
1109 2311 1160 2371 sed
1184 2309 1286 2368 dicitur
1309 2308 1397 2366 etiam

150 2413 180 2470 in
202 2413 314 2472 bonam
336 2421 460 2489 partem,
483 2422 516 2472 ut
533 2429 558 2485 2,
576 2413 623 2490 89,
642 2431 675 2488 4:
697 2415 843 2495 principes
865 2415 915 2474 viri
933 2415 1050 2473 hortatu
1072 2413 1209 2490 principis
1231 2412 1270 2470 ad
1292 2428 1400 2469 ornan·

149 2514 220 2572 dam
243 2516 347 2575 urbem
368 2515 455 2575 illecti
477 2523 554 2576 sunt.
599 2515 643 2576 Cf.
667 2517 763 2576 Varro
785 2516 823 2576 de
844 2516 863 2576 l.
885 2517 904 2575 l.
928 2515 955 2587 6,
979 2533 997 2593 9
1020 2513 1040 2592 ξ
1063 2532 1114 2592 qq:
1137 2523 1170 2574 ut
1191 2514 1315 2592 populus
1337 2512 1401 2571 inli-
1456 2577 1460 2581 ,

150 2619 244 2677 cietur
266 2617 305 2676 ad
327 2603 515 2694 magistratus
537 2614 737 2696 conspectum.
779 2649 781 2655 ·

236 2718 411 2780 Illurnr'nare
433 2720 574 2781 translate
597 2720 700 2780 dicitur
721 2739 774 2798 pro
793 2739 838 2792 eo,
861 2719 941 2798 quod
962 2727 1006 2778 est
1025 2719 1164 2777 celebrare
1187 2734 1208 2788 1,
1233 2716 1273 2786 18,
1296 2733 1326 2790 3:
1349 2717 1404 2773 nisi

150 2821 272 2880 Thebas
299 2839 391 2880 unum
417 2839 451 2881 os
473 2822 592 2881 Pindari
616 2823 807 2891 illuminaret;
835 2838 864 2892 2,
889 2821 939 2891 66,
963 2836 992 2896 5:
1020 2837 1129 2877 rerum.
1143 2826 1267 2877 naturae
1294 2835 1401 2893 corpus

150 2921 319 2999 eloquentia
341 2900 522 2983 illuminavit.

238 3023 361 3100 Implere
383 3026 526 3085 translate
546 3027 662 3102 ponitur
680 3043 734 3101 pro
750 3026 838 3099 plone
859 3026 1015 3100 explicare,
1037 3033 1178 3098 exponere
1199 3022 1253 3088 vel,
1276 3027 1308 3078 ut
1330 3020 1405 3079 alias

154 3127 264 3198 dicunt,
287 3127 449 3185 exhaurire
471 3142 496 3198 2,
521 3142 584 3202 103,
606 3143 638 3200 4:
656 3126 703 3184 vix
725 3127 754 3184 111
776 3127 825 3184 1110
845 3126 922 3202 justo
945 3143 1033 3202 opere
1055 3123 1172 3184 abunde
1194 3123 1328 3199 persequi
1351 3139 1405 3198 po·

112 3241 115 3247 '
153 3228 282 3298 terimus,
306 3229 416 3287 nedum
437 3228 484 3288 hic
506 3229 635 3306 implere.
674 3228 750 3287 Vide
771 3245 849 3305 quae
871 3227 1067 3302 Schultingius
1089 3226 1128 3285 ad
1146 3227 1213 3285 Sen.
1231 3233 1361 3301 controv.
1381 3240 1404 3281 1.

155 3349 184 3405 p.
209 3343 261 3404 107
285 3329 452 3390 doctissime
475 3331 512 3389 de
533 3331 619 3390 variis
644 3330 785 3407 implendi
807 3330 1066 3405 significationibus
1087 3328 1257 3405 disputavit.
1280 3357 1320 3369 -
1343 3325 1404 3383 Irn-

146 3433 230 3508 plere
248 3431 328 3507 alqm
346 3431 450 3490 dicitur
467 3449 534 3511 pro:
557 3436 617 3491 oris
627 3433 736 3509 figura
753 3435 829 3508 alqm
842 3433 925 3506 plene
941 3432 1114 3511 perfecteque
1131 3430 1248 3508 referre
1262 3443 1287 3498 2,
1306 3443 1350 3504 95,
1370 3443 1403 3503 3:

154 3549 222 3590 cum
241 3531 348 3591 Paulus
371 3532 416 3590 vix
433 3543 533 3609 posset
556 3535 677 3610 implere
694 3551 847 3594 censorem
871 3527 904 3609 [1.
927 3551 952 3591 0.
974 3533 1033 3590 vim
1055 3539 1084 3590 et
1106 3532 1309 3590 auctoritatem
1331 3546 1405 3587 cen·

158 3633 231 3692 soris
254 3630 339 3709 plene
361 3631 526 3712 praestare]
555 3633 637 3709 (Plin.
661 3653 717 3710 ep.,
740 3634 823 3704 Tac,
855 3633 892 3692 cl.
914 3633 1055 3693 Boettich.
1078 3633 1161 3692 lexic.
1183 3633 1257 3692 Tac.
1280 3650 1308 3707 p.
1331 3629 1407 3706 244).

239 3734 424 3810 Instinguere
446 3735 526 3811 alqm
548 3738 579 3794 in
606 3736 716 3794 bellum
743 3735 903 3794 insolenter
932 3736 1036 3794 dicitur
1062 3753 1115 3812 pro
1141 3735 1261 3794 incitare
1278 3732 1322 3792 -ad
1344 3731 1406 3790 bel·

153 3837 216 3894 lum
240 3853 263 3905 1,
288 3850 327 3906 12,
353 3852 378 3895 1:
405 3837 542 3896 instincta
563 3837 593 3896 in
616 3837 725 3896 bellum
746 3836 869 3896 Achaia.
914 3836 1118 3913 Paulo'supra
1139 3837 1279 3895 invenies:
1302 3833 1405 3892 Corin·

154 3938 220 3997 thiis
243 3939 271 3995 in
293 3937 403 3996 bellum
424 3939 639 4013 instigantibus.

240 4038 435 4114 Interpretari
454 4041 523 4117 alqd
543 4051 597 4116 pro
617 4040 685 4117 alqa
707 4060 739 4100 re
760 4058 785 4114 2,
809 4041 854 4116 83,
877 4057 907 4099 2:
931 4040 1117 4102 clementiam
1139 4040 1253 4099 victoris
1275 4056 1328 4114 pro
1350 4054 1407 4095 sua

152 4142 259 4201 virtute
285 4143 530 4218 interpretabatur
552 4142 578 4220 (1.
601 4162 627 4203 0.
650 4145 836 4204 clementiam
863 4144 979 4204 victoris
1002 4143 1136 4203 Caesaris
1159 4160 1218 4200 non
1240 4157 1292 4216 pro
1315 4138 1406 4196 bene·

155 4243 220 4300 ficio
242 4243 382 4314 habebat,
410 4244 462 4304 sed
484 4263 516 4305 se
538 4246 641 4305 virtute
667 4263 721 4304 sua
743 4264 762 4304 a
784 4245 912 4305 Caesare
935 4254 1067 4323 spectata
1093 4260 1160 4301 eam
1186 4241 1326 4300 meruisse
1349 4239 1406 4298 dici

155 4343 290 4420 volebat).
327 4345 372 4405 Cf.
395 4346 474 4423 Sulp.
497 4347 560 4407 Sev.
582 4347 683 4407 chron.
707 4365 732 4419 2,
755 4365 806 4424 40,
832 4366 856 4407 r:
879 4349 1058 4426 quinetiam
1082 4343 1225 4420 synodum
1243 4341 1406 4400 Nicaenam

153 4464 210 4523 pro
233 4465 264 4506 se
286 4448 520 4524 interpretantes.
543 4478 584 4493 -
607 4448 803 4525 Interpretari
821 4451 971 4510 victoriam
994 4454 1026 4506 ut
1046 4463 1131 4506 suam
1152 4460 1177 4515 2,
1200 4443 1249 4517 80,
1272 4460 1298 4503 2.
