3106 5040
676 294 863 355 ..5.-

141 485 226 563 Juxta
249 483 406 559 cupidinem
429 497 454 554 2,
478 497 523 557 33,
549 499 558 540 1
584 479 654 559 (jam
677 480 745 541 iude
768 500 786 541 a
808 479 968 557 Sallustio);
995 483 1150 558 eloquentia
1174 498 1195 552 1,
1220 479 1261 552 18,
1286 498 1297 540 1
1320 483 1413 561 juxta

146 588 285 662 eloquium
308 599 337 652 2,
366 581 416 652 68,
446 598 470 660 13
505 585 672 641 exercitium
695 598 724 654 2,
754 598 822 658 109,
847 599 858 641 1
883 585 967 661 juxta
989 587 1216 642 exercitationem
1240 599 1269 655 2,
1293 597 1352 661 79,
1376 601 1410 657 2;

145 689 265 745 exitiale
288 684 323 762 (2,
347 701 389 753 22,
413 683 442 760 4)
461 685 543 762 juxta
565 684 712 743 exitiabile
734 699 758 755 2,
784 699 822 754 12,
846 684 865 742 6
887 693 917 744 et
935 685 1065 761 saepius;
1088 687 1236 744 necessetas
1260 702 1282 756 1,
1307 686 1372 758 126,
1392 703 1412 746 2

144 789 228 866 juxta
250 788 477 846 necessitudinem
500 801 529 855 2,
553 801 602 860 5ο,
621 801 648 855 2;
666 793 863 861 praeparatus
885 801 914 856 2,
938 786 987 862 76,
1010 802 1027 862 3
1048 787 1131 865 juxta
1147 791 1410 863 praeparationem

149 907 170 959 1,
196 905 234 959 12,
259 888 277 946 6
284 904 291 958 ;
311 889 529 976 praeostensa
554 885 615 957 108,
638 902 654 944 2
674 887 757 966 juxta
773 889 977 962 praeualidum
999 902 1025 957 2,
1048 886 1096 963 69,
1119 902 1149 957 2;
1166 890 1265 963 pudor
1288 903 1312 959 2,
1337 903 1365 966 5,
1390 907 1410 966 3

145 992 227 1069 juxta
242 991 409 1066 pudicitiam
427 1003 452 1057 2,
468 987 515 1061 48,
530 1003 561 1063 3;
580 997 773 1063 supervacuus
793 986 872 1058 1,16,
890 1004 900 1045 1
918 989 1000 1065 juxta
1018 998 1257 1064 superuacaneum
1272 1004 1298 1059 2,
1313 989 1365 1065 36,
1380 1006 1407 1050 2.

232 1090 382 1150 Sententia
404 1087 522 1148 Graeca
544 1106 580 1147 ex
602 1087 737 1148 Homero
759 1088 851 1163 (iliad.
873 1104 903 1165 5,
926 1104 1000 1164 3045
1023 1090 1112 1149 etiam
1137 1106 1179 1159 12,
1203 1087 1257 1165 383
1280 1096 1311 1149 61
1333 1091 1410 1169 449)

148 1193 303 1269 desumpta
326 1191 449 1254 Graecis
471 1193 574 1251 litteris
596 1194 703 1269 scripta
725 1200 822 1252 exstat
846 1209 871 1263 1,
894 1207 924 1268 5,
947 1208 978 1267 31
1002 1185 1069 1253 οἷοι
1092 1194 1147 1254 νῦν
1169 1191 1287 1274 βροτοί
1310 1186 1409 1256 εἰσιν.

146 1294 192 1354 Ex
213 1294 315 1370 lingua
338 1292 455 1354 Graeca
477 1294 647 1370 desumptas
664 1311 751 1353 voces
768 1294 858 1354 habet
880 1293 1009 1372 Vellejus
1027 1293 1093 1353 has:
1113 1297 1245 1368 ‹tynastes
1266 1309 1291 1364 2,
1314 1309 1359 1370 51,
1380 1312 1410 1367 13

146 1397 319 1454 naumachia
351 1412 375 1465 2,
406 1395 452 1470 56,
487 1411 511 1465 1;
543 1413 568 1466 2,
598 1411 663 1464 100,
690 1410 706 1452 2
736 1393 798 1471 (pro
825 1395 881 1454 hac
907 1380 979 1455 voce
1001 1397 1103 1473 optimi
1125 1397 1280 1472 scriptores
1303 1396 1410 1458 dicunt

147 1498 290 1574 proelium
314 1497 432 1566 navaie;
455 1495 561 1556 navale
583 1503 732 1556 certamen
755 1495 861 1572 legitur
883 1513 908 1566 2,
932 1493 1037 1574 79,1);
1060 1498 1217 1556 tetrarches
1238 1511 1263 1566 2,
1286 1512 1329 1573 51,
1355 1514 1380 1557 1.

232 1597 534 1657 Animadvertendum
560 1606 606 1657 est
631 1597 688 1656 hoc
714 1598 780 1656 loco
811 1614 1024 1674 nonnunquam
1051 1599 1130 1675 apud
1158 1598 1305 1676 Vellejum
1332 1599 1406 1670 fieri,

144 1707 179 1757 -ut
201 1700 376 1777 adjectivum
398 1699 437 1757 ad
464 1717 570 1775 regens
593 1700 805 1758 substantivum
833 1697 1018 1758 referendum
1046 1700 1072 1759 ei
1098 1699 1236 1768 addatur,
1264 1698 1344 1776 quod
1368 1719 1408 1758 ex

146 1803 195 1862 illo
218 1803 335 1879 pendet.
371 1800 517 1878 Exempla
539 1801 682 1879 ejusmodi
704 1809 785 1874 sunt:
808 1801 889 1860 omni
907 1802 1085 1877 flagitiorum
1108 1803 1310 1877 scelerumque
1332 1818 1407 1859 con·

149 1903 271 1975 scientia
293 1920 406 1962 mersus
429 1918 453 1973 2,
476 1920 520 1979 91,
543 1919 574 1979 3;
597 1921 665 1963 cum
689 1904 747 1963 alia
769 1904 864 1980 prisca
890 1905 1044 1963 severitate
1066 1921 1242 1980 summaque
1262 1913 1408 1964 constan·

148 2006 188 2064 tia
210 2012 308 2064 vetere
330 2004 485 2064 consulum
507 2022 590 2081 more
613 2023 650 2065 ac
672 2006 985 2082 severitate'gessisset
1002 2022 1027 2076 2,
1051 2022 1095 2081 92,
1119 2021 1148 2076 23
1171 2007 1210 2064 ob
1232 2005 1407 2066 manifesta·

149 2124 213 2165 rum
236 2109 405 2182 rapinarum
432 2103 540 2167 indicia
562 2122 592 2177 2,
615 2106 668 2182 83,
691 2123 722 2177 23
750 2108 805 2166 sub
831 2107 1125 2166 honorificentissimo
1152 2107 1292 2166 ministeri
1319 2108 1409 2168 titulo

146 2223 175 2278 2,
199 2224 249 2283 45,
274 2224 306 2281 43
335 2208 533 2267 vacillantium
556 2209 645 2268 etiam
667 2210 708 2268 cis
731 2209 1012 2268 Rhenum'sitarum
1035 2200 1167 2283 gen‘tium
1190 2210 1306 2268 animos
1329 2226 1408 2269 con·

147 2308 272 2366 firmavit
294 2324 319 2378 2,
344 2324 405 2380 120,
431 2324 456 2381 1;
480 2309 560 2387 quod
584 2310 694 2370 tactum
717 2311 836 2369 cuilibet
857 2319 987 2369 veterum
1010 2311 1164 2370 consulum
1187 2311 1299 2387 gloriae
1321 2328 1407 2369 com·

147 2409 311 2486 parandum
335 2427 400 2469 reor
422 2426 451 2482 2,
476 2427 529 2486 92,
548 2428 581 2484 4.
600 2442 639 2453 -
663 2411 799 2471 Similiter
825 2412 955 2490 Vellejus
977 2410 1161 2472 Graecorum
1183 2429 1295 2471 morem
1319 2428 1406 2471 secu·

151 2519 198 2571 tus
221 2511 365 2590 adjectivo
388 2513 549 2589 genitivum
572 2513 745 2573 substantivi
766 2513 907 2592 adjungit,
931 2515 1010 2574 velut
1027 2530 1052 2585 2,
1071 2514 1119 2586 80,
1139 2531 1170 2590 3:
1193 2531 1263 2572 nam
1285 2511 1324 2570 ab
1341 2511 1406 2571 Sci·

149 2613 284 2688 piouibus
307 2614 429 2690 aliisque
455 2625 586 2676 veterum
609 2616 814 2676 Romanorum
840 2616 958 2676 ducum.
1003 2617 1091 2676 Plura
1118 2617 1155 2676 de
1177 2616 1234 2675 hoc
1260 2633 1314 2674 usu
1337 2615 1405 2674 vide

152 2714 231 2789 apud
254 2714 358 2794 Velleji
380 2719 551 2794 interpretes
574 2717 691 2776 Ruhnk.
714 2718 753 2777 ad
775 2735 800 2788 2,
823 2717 872 2789 80,
896 2736 923 2793 3,
946 2719 1028 2777 Kritz
1055 2717 1094 2776 ad
1116 2733 1141 2787 2,
1165 2733 1208 2792 91,
1232 2734 1249 2791 3
1272 2726 1301 2776 61
1323 2717 1404 2791 apud

153 2814 315 2890 Reisigium
339 2816 368 2875 in
390 2815 525 2875 Gramm.
548 2817 613 2877 Lat.
637 2836 665 2893 p.
687 2818 742 2891 362
764 2819 863 2895 ibique
884 2818 989 2878 Haasii
1011 2827 1114 2877 notam
1136 2832 1196 2892 522.

237 2915 334 2977 Multa
352 2925 506 2994 praeterea
524 2919 622 2976 insunt
640 2919 670 2977 in
685 2917 809 2996 Vellejo,
829 2919 934 2994 quibus
952 2927 1034 2994 patet
1052 2937 1119 2978 eum
1137 2935 1260 2994 operam
1278 2918 1403 2990 dedisse,

109 3038 113 3046 ·
146 3027 179 3077 ut
211 3019 371 3079 sententias
394 3027 482 3095 atque
510 3027 648 3078 omatum
674 3020 851 3095 optimorum
874 3020 1047 3097 scriptorum
1071 3021 1099 3079 in
1121 3021 1220 3097 primis
1243 3021 1404 3092 Ciceronis,

149 3121 289 3192 Sallustii,
311 3121 385 3180 Livii
406 3121 577 3180 imitaretur.
618 3120 735 3180 Tamen
757 3121 883 3181 Sallustii
905 3141 977 3201 prae
999 3124 1102 3183 ceteris
1124 3122 1312 3182 aemulationi
1332 3123 1402 3179 scri-

148 3232 262 3299 ptorem
291 3232 424 3283 nostrum
451 3224 596 3283 studuisse
622 3224 733 3300 primus
759 3225 924 3313 observavit
950 3225 1025 3286 Dav.
1052 3222 1258 3289 Ruhnkenius,
1290 3220 1338 3293 qui
1370 3220 1400 3277 in

149 3324 224 3382 notis
247 3322 285 3382 ad
308 3312 439 3400 singulos
456 3317 537 3385 locos
560 3327 861 3402 scr1pt1s1m1tati0nls
883 3327 1005 3402 vestigia
1027 3321 1206 3383 monstravit.
1242 3319 1289 3377 Sic
1310 3320 1402 3379 verba

148 3425 176 3482 e't
203 3424 365 3485 locutiones
388 3428 580 3488 Sallustianus
602 3428 681 3504 apud
704 3427 849 3506 Vellejum
872 3427 1046 3502 reperimus,
1074 3422 1166 3480 velut:
1193 3420 1346 3496 pollicitati
1374 3438 1399 3492 2,

150 3542 201 3594 111,
225 3542 241 3582 2
264 3522 342 3599 (Sall.
366 3525 431 3586 Cat.
454 3526 500 3600 38,
525 3543 551 3598 13
573 3528 640 3604 Jug.
662 3526 689 3598 8,
715 3527 745 3602 1),
768 3544 877 3603 anceps
900 3525 1060 3603 periculum
1077 3539 1103 3593 2,
1121 3538 1146 3593 2,
1165 3539 1183 3598 3
1204 3520 1280 3600 (163.
1299 3521 1345 3598 38,
1365 3522 1400 3598 5),

148 3634 284 3703 parentes
307 3651 348 3674 =
371 3627 561 3687 oboedientes
583 3643 612 3699 2,
638 3627 704 3698 108,
728 3643 744 3685 2
766 3625 841 3705 (Jug.
872 3642 937 3696 102,
960 3624 999 3701 7),
1027 3627 1173 3701 sanguine
1198 3626 1400 3703 conjunctissi-

149 3747 214 3788 mus
236 3743 261 3800 2,
285 3745 328 3802 41,
352 3744 367 3787 2
390 3727 466 3807 (Jug.
491 3745 539 3799 10,
564 3708 606 3805 3),
629 3747 715 3807 cursu
738 3729 859 3798 tendere
884 3744 914 3798 2,
938 3743 989 3803 70,
1013 3743 1028 3786 2
1050 3725 1127 3805 (163.
1150 3745 1197 3803 91,
1221 3726 1262 3804 4),
1286 3728 1400 3804 aperire

149 3830 381 3906 conjurationem
404 3854 446 3878 =
468 3829 636 3905 patefacere
657 3831 733 3907 conj.
757 3846 781 3899 2,
805 3845 852 3903 34,
876 3845 893 3904 3
915 3827 990 3904 (Cat.
1013 3845 1068 3902 40,
1092 3829 1132 3903 6),
1155 3832 1258 3908 imperi
1281 3824 1401 3888 aemula

148 3929 299 4006 Carthago
322 3948 351 4002 2,
377 3949 401 4002 1,
426 3948 437 3989 1
461 3929 536 4008 (Cat.
562 3946 611 4003 10,
636 3927 669 4006 1),
698 3949 794 4007 neque
821 3930 962 3991 dicendus
985 3933 1047 3994 sine
1069 3940 1140 3992 cura
1163 3949 1191 4002 2,
1217 3931 1261 4000 18,
1286 3949 1297 3990 1
1322 3928 1399 4004 (Sall.

148 4031 225 4106 apud
248 4030 314 4089 Sen.
338 4031 374 4092 de
396 4031 493 4091 benet.
517 4048 544 4104 4,
570 4049 590 4103 1,
616 4031 646 4109 1).
664 4063 704 4073 -
728 4032 864 4109 Scriptori
888 4041 988 4092 nostro
1011 4032 1184 4094 Ciceronem
1207 4041 1277 4092 ante
1298 4030 1401 4089 oculos

147 4141 294 4193 versatum
317 4151 381 4192 esse
403 4152 440 4192 ex
467 4134 661 4193 locutionibus
688 4134 856 4211 intelligitur
883 4135 974 4194 velut:
1002 4135 1167 4213 gladiorum
1195 4133 1351 4209 impunitas
1374 4149 1400 4203 2,

147 4249 177 4308 3,
201 4249 217 4307 3
241 4232 309 4308 (Cic.
333 4234 405 4293 Phil.
426 4234 456 4305 8,
482 4252 523 4305 11,
546 4235 604 4312 32),
628 4244 694 4312 post
715 4237 760 4295 bis
783 4237 896 4297 excisos
918 4247 1042 4297 terrores
1064 4238 1106 4295 rei
1128 4235 1262 4313 publicae
1284 4249 1308 4304 2,
1332 4250 1359 4306 4,
1384 4250 1401 4310 5

145 4330 208 4409 (916
236 4333 389 4408 1116628,
418 4332 478 4413 58),
505 4337 636 4396 lacerare
663 4338 875 4414 rempublicam
902 4355 931 4409 2,
963 4354 1005 4407 12,
1033 4336 1051 4394 6
1077 4333 1123 4410 (de
1150 4336 1199 4393 off.
1230 4351 1254 4406 1,
1279 4349 1323 4409 17,
1347 4334 1399 4411 57),

143 4435 267 4512 pestifer
293 4435 380 4496 Marii
407 4439 516 4497 reditus
539 4453 569 4509 2,
600 4454 650 4510 22,
676 4456 686 4497 1
715 4438 795 4513 (Phil.
818 4456 848 4514 3,
872 4455 900 4510 2,
925 4437 965 4513 3),
997 4438 1116 4513 quippe,
1149 4454 1237 4513 quem
1269 4438 1400 4513 spiritum
1448 4453 1451 4458 ·
