3106 5040
708 306 917 364 „44-

186 474 371 543 effervescat3
391 492 442 552 per
464 474 685 535 translationem
704 476 821 552 ponitur
844 477 881 536 de
902 477 988 548 bello,
1011 478 1091 555 quod
1108 478 1197 539 maris
1218 479 1439 544 instarsensim

184 577 374 637 clandestinis
396 576 524 636 motibus
545 583 575 634 et
597 577 722 636 consiliis
741 595 901 654 exsurgens
923 579 1020 638 subito
1038 579 1193 639 occasione
1216 580 1286 641 data
1307 583 1438 642 exardet.
1541 615 1544 619 ·

184 678 261 738 Vell.
284 694 309 748 2,
334 694 373 754 15,
398 695 424 736 1:
439 696 532 738 'mors
553 677 642 736 Drusi
662 679 723 755 jam
748 678 862 755 pridem
889 689 1057 744 tumescens
1085 681 1195 741 bellum
1218 682 1355 742 excitavit
1377 683 1439 744 Ita·

184 780 282 839 licum.
317 780 362 840 Cf.
386 782 477 855 Verg.
500 797 602 856 georg.
627 797 649 849 1,
672 780 742 856 465:
766 798 855 858 saepe
878 791 977 841 monet
992 781 1193 869 ¹fraudemque
1215 791 1244 843 et
1266 792 1369 860 operta
1392 781 1439 844 tu·

185 899 316 941 mescere
339 881 425 942 bella.
449 913 489 923 -

272 1000 444 1060 Nonnulla
471 1001 596 1078 denique
622 1004 724 1073 verba,
748 1019 825 1079 quae
849 1003 911 1080 jam
937 1003 1017 1079 apud
1039 1005 1202 1080 superiores
1229 1005 1383 1084 scriptores
1409 1007 1438 1067 in
1543 1045 1545 1050 -

185 1104 285 1180 primis
312 1103 392 1180 apud
414 1103 581 1199 Sallustium
608 1111 637 1163 et
659 1104 773 1163 Livium
800 1104 903 1164 iisdem
930 1105 1202 1182 significationibus,
1231 1107 1336 1184 quibus
1359 1107 1438 1184 apud

186 1206 333 1283 Vellejum
356 1206 551 1276 inveniuntur,
579 1206 632 1265 sed
650 1206 729 1281 apud
756 1205 821 1265 illos
843 1207 997 1283 scriptores
1020 1209 1130 1267 rariora
1152 1216 1232 1277 sunt,
1255 1226 1315 1267 non
1338 1210 1438 1286 putavi

185 1307 313 1366 alienum
331 1326 395 1367 esse
417 1308 530 1367 afferre.
573 1306 649 1367 Cum
671 1325 741 1367 vero
763 1309 824 1386 ejus
846 1309 961 1383 generis
988 1310 1075 1369 verba
1102 1299 1181 1386 apud
1203 1309 1349 1388 Vellejum
1372 1328 1438 1387 per·

184 1409 280 1468 multa
299 1410 368 1480 sint,
397 1427 518 1469 necesse
540 1409 593 1468 suit
612 1409 721 1487 judicio
743 1409 873 1486 quodam
894 1410 924 1468 in
950 1410 983 1470 iis
1006 1410 1161 1470 afferendis
1188 1411 1229 1470 uti
1256 1411 1437 1489 modumque

185 1517 294 1581 tenere,
317 1511 397 1588 quod
419 1529 491 1569 nurn
513 1528 630 1587 semper
650 1510 726 1569 mihi.
739 1510 902 1585 contigerit,
925 1510 973 1570 alii
993 1511 1131 1590 judicent.

268 1631 387 1689 Abolere
408 1631 426 1688 i.
449 1647 472 1688 s.
494 1649 523 1707 q.
545 1632 653 1700 tollere,
681 1632 879 1706 exsitieguere,
903 1632 993 1689 delere
1015 1646 1040 1702 2,
1063 1630 1107 1707 58,
1130 1648 1159 1690 2:
1186 1649 1253 1691 cum
1276 1633 1437 1692 censuisset

183 1729 302 1791 Cassius
323 1739 532 1791 testamentum
554 1729 689 1790 Caesaris
711 1730 891 1790 abolendum
912 1729 1022 1809 (Verg,
1045 1732 1116 1805 Liv,
1139 1727 1265 1810 postea).

268 1851 419 1909 Absce‘dere
445 1868 497 1927 per
523 1849 745 1909 translationem
773 1850 876 1931 dicitur
903 1868 956 1927 pro
983 1851 1108 1929 auferre
1132 1868 1157 1922 2,
1186 1851 1234 1923 66,
1262 1866 1291 1910 2:
1318 1852 1434 1912 abscisa

184 1953 296 2013 scelere
318 1953 429 2013 Antoni
450 1970 507 2011 vox
529 1951 645 2028 publica
668 1946 750 2028 (Liv,
774 1947 865 2028 Tac).

269 2074 434 2132 Adhaerere
461 2073 538 2131 alcui
561 2072 702 2132 translate
720 2071 823 2131 dicitur
844 2090 898 2150 pro
920 2074 1098 2151 conjunctum
1122 2092 1179 2130 erse
1204 2091 1265 2131 cum
1289 2074 1366 2149 alqo,
1394 2092 1440 2131 eo·

185 2177 293 2233 mitari
311 2178 401 2251 alqm,
433 2193 493 2252 quo
521 2192 609 2234 sensu
632 2174 768 2250 frequens
794 2182 839 2233 est
864 2174 987 2250 simplex
1014 2174 1135 2232 verbum
1158 2173 1277 2232 haerere
1306 2190 1326 2242 1,
1350 2191 1377 2250 9,
1402 2172 1436 2233 6:

186 2275 294 2334 invidia
317 2277 463 2336 altissimis
495 2275 644 2335 adhaeret.
688 2274 733 2334 Cf.
756 2275 818 2334 Liv.
841 2292 884 2350 41,
912 2291 958 2344 2ο,
978 2292 1006 2333 2:
1043 2275 1113 2333 nulli
1137 2275 1272 2333 fortunae
1294 2275 1438 2336 adhaere·

186 2378 239 2435 bat
261 2356 389 2454 animus3
411 2378 483 2437 Plin.
504 2377 533 2436 h.
556 2396 584 2436 n.
609 2392 653 2448 ro,
672 2392 704 2434 22
727 2374 789 2454 (26),
812 2391 857 2452 51:
881 2394 966 2436 anser
983 2393 1083 2435 comes
1105 2384 1245 2453 perpetuo
1268 2376 1438 2476 adhaesisse

184 2477 295 2555 Lacydi
313 2479 486 2556 philosopho
509 2478 621 2537 dicitur.

270 2592 437 2655 Adolescere
456 2597 517 2674 jam
537 2595 604 2655 inde
626 2612 645 2653 a
663 2592 799 2654 Sallustio
821 2602 851 2654 et
873 2594 953 2655 Livio
980 2595 1095 2672 saepius
1122 2596 1264 2656 translata
1292 2597 1437 2672 significa·

184 2697 264 2757 tione
282 2707 439 2777 usurpatur
461 2714 486 2769 2,
510 2713 569 2768 110,
589 2714 618 2756 2:
642 2697 795 2756 Pannonia
819 2697 947 2757 insolens
969 2697 1078 2773 longae
1097 2700 1177 2773 pacis
1199 2706 1229 2757 et
1250 2697 1351 2758 adulta
1373 2700 1439 2758 viri·

185 2799 239 2858 bus
265 2794 312 2876 (cf.
335 2797 469 2858 Boettich.
492 2799 574 2858 lexic.
596 2798 691 2858 Tacit.
714 2817 743 2874 p.
766 2795 820 2872 42).

270 2919 423 2976 Adornare
444 2919 586 2978 translate
607 2918 724 2993 ponitur
745 2933 771 2987 2,
794 2932 819 2986 2,
842 2932 871 2975 2:
899 2918 988 2977 tantis
1010 2917 1169 2978 adornatus
1191 2918 1341 2979 virtutibus
1364 2917 1434 2995 (Liv.

185 3018 228 3089 28,
254 3036 299 3095 42,
321 3035 352 3095 5;
376 3001 486 3092 Quint,
505 3019 588 3089 Tac,
611 3018 684 3077 Plin.
705 3017 771 3096 ep).
830 3078 832 3083 .

268 3122 410 3199 Affeeiare
432 3139 486 3199 pro
508 3121 566 3181 sibi
585 3122 735 3180 conciliare
761 3121 872 3179 studere
894 3121 1010 3197 ponitur
1028 3136 1053 3192 2,
1076 3137 1169 3197 39,1:
1192 3120 1306 3180 Gallias
1323 3139 1435 3196 magna

184 3226 269 3286 clade
291 3234 391 3286 nostra
417 3243 506 3302 saepe
534 3234 563 3284 et
589 3223 789 3283 affectavimus
816 3230 846 3282 et
868 3223 1017 3284 omisimus
1043 3222 1121 3298 (Sall.
1144 3223 1210 3302 Jug.
1235 3222 1282 3293 66,
1307 3237 1333 3292 13
1360 3222 1435 3282 Tac.

183 3327 248 3385 hist.
273 3342 301 3399 4,
326 3325 383 3401 66).
1154 3337 1156 3341 '

267 3429 363 3504 Agere
380 3429 531 3488 consulem
549 3444 574 3498 2,
593 3444 638 3502 92,
657 3441 686 3495 2;
705 3444 795 3502 agere
812 3428 961 3486 aemulum
984 3443 1009 3496 2,
1034 3442 1097 3502 1ο9,
1117 3442 1146 3495 2;
1165 3427 1261 3502 potius
1279 3425 1432 3503 aequalem

183 3532 275 3615 civem
298 3548 388 3607 quarn
411 3532 588 3589 eminentem
615 3530 777 3607 principem
804 3546 894 3603 agere
921 3545 946 3598 2,
971 3545 1030 3602 124,
1053 3544 1083 3596 2;
1109 3528 1218 3587 locutio
1241 3545 1301 3586 non
1322 3528 1433 3604 optima

184 3631 303 3708 quidem
325 3631 383 3700 illa,
407 3631 459 3691 sed
482 3633 545 3709 jam
571 3631 639 3690 inde
666 3648 684 3689 a
706 3631 788 3689 Livio
815 3646 870 3687 usu
896 3637 1014 3705 recepta
1037 3638 1080 3689 est
1102 3647 1155 3705 pro
1181 3647 1227 3700 eo,
1254 3629 1333 3707 quod
1355 3628 1434 3707 apud

184 3731 357 3794 Ciceronem
380 3732 496 3792 dicitur:
519 3740 617 3808 partes
639 3732 710 3809 alcjs
732 3748 830 3807 agere,
854 3730 983 3806 speciem
1009 3731 1079 3807 alcjs
1105 3749 1177 3806 prae
1202 3749 1234 3790 se
1261 3731 1343 3790 ferre.
1388 3728 1433 3790 Cf.

183 3836 446 3912 Krebs·Allgayer,
455 3835 609 3893 Antibarb.
622 3835 668 3895 ed.
679 3834 716 3892 V.
730 3852 759 3909 p.
775 3848 839 3908 109.
861 3835 960 3908 Agere
974 3832 1103 3903 exulem,
1118 3833 1198 3910 quod
1208 3833 1382 3911 Allgayerus
1396 3853 1434 3893 ex

181 3938 296 4016 Vellejo
318 3937 412 4006 affert,
436 3934 514 4013 apud
538 3935 619 3994 illum
642 3953 702 3994 non
723 3935 875 3993 invenitur.
899 3965 939 3976 -
958 3935 1055 4010 Agere
1073 3935 1204 3995 medium
1221 3944 1361 4011 sequente
1379 3936 1433 3995 du·

181 4040 247 4117 plici
270 4039 399 4114 genitivo
423 4053 448 4109 2,
474 4053 530 4111 114,
554 4054 584 4112 3:
608 4036 776 4113 agebatque
797 4035 926 4095 medium
948 4037 1073 4112 plurima
1096 4037 1310 4111 dissimulantis,
1332 4037 1431 4112 aliqua

181 4142 344 4201 inhibentis.
367 4171 407 4183 -
426 4141 522 4216 Agere
544 4142 619 4216 alqm
638 4158 717 4198 reum
741 4157 794 4213 pro
812 4156 857 4207 eo,
881 4137 960 4214 quod
983 4137 1061 4214 apud
1080 4138 1251 4198 Ciceronem
1274 4145 1317 4196 est
1335 4138 1431 4196 facere

182 4245 261 4320 alqm
284 4263 367 4303 reum
389 4259 414 4314 2,
433 4259 479 4319 45,
500 4260 525 4302 1:
548 4253 630 4303 actus
648 4241 751 4300 incesti
770 4260 844 4301 reus.
881 4239 927 4300 Cf.
947 4239 1031 4300 Ovid.
1049 4249 1118 4299 met.
1138 4255 1176 4314 15,
1195 4237 1245 4313 361
1267 4246 1431 4313 spretarum

181 4347 278 4420 agitur
305 4346 404 4421 legum
427 4361 508 4415 reus;
538 4345 600 4404 Liv.
624 4360 668 4420 45,
696 4357 740 4419 37,
768 4342 799 4402 8:
831 4343 910 4421 apud
932 4344 1098 4402 contionem
1125 4341 1203 4416 prius
1225 4356 1291 4397 reus
1314 4348 1430 4415 agatur,

179 4447 218 4508 ci.
241 4447 402 4506 Weissenb.
429 4446 468 4506 ad
494 4446 555 4506 Liv.
582 4464 630 4522 24,
659 4461 705 4522 25,
734 4462 757 4504 1.
783 4476 819 4488 -
849 4443 938 4517 Quod
958 4441 1139 4522 participium
1162 4443 1264 4511 ,actus‘
1286 4459 1305 4501 a
1332 4444 1431 4504 multis
