3106 5040
679 251 945 370 -37··Ι

151 499 244 558 quam
277 480 355 555 apud
381 478 526 556 quosdam
549 480 715 554 ambigitur,
747 480 885 540 Puteolos
915 479 995 539 missi
1018 480 1113 539 coloni
1144 477 1215 555 (Cic.
1247 480 1283 539 de
1309 498 1361 539 or.-
1377 495 1404 551 2,

151 599 199 658 24,
225 571 293 655 ron:
316 581 385 641 nihil
408 581 486 639 enim
509 589 561 651 est,
584 580 664 658 quod
686 582 761 641 inter
783 582 915 642 homines
938 581 1113 657 ambigitur).

239 685 393 742 Asseniori
416 682 496 758 apud
522 682 648 761 optimos
674 684 829 760 scriptores
855 702 972 760 semper
997 685 1038 743 ita
1066 692 1235 760 usurpatur,
1267 691 1299 742 ut
1324 684 1407 742 notio

153 784 323 845 blandiendi
348 784 427 865 insit3
454 783 533 860 apud
556 785 701 863 Vellejum
727 786 757 846 in
784 787 895 846 bonam
921 795 1036 862 partem
1062 805 1115 865 pro
1141 787 1279 844 assentiri
1303 785 1407 844 dicitur

153 889 262 963 pariter
283 894 373 963 atque
394 879 545 945 osseniniio
568 904 622 963 pro
644 890 804 947 assensione
826 905 851 959 2,
875 887 933 959 128,
957 905 974 964 3
995 885 1062 964 (vid.
1081 906 1170 965 supra
1187 906 1215 963 p.
1239 890 1293 964 12).
1329 887 1405 945 vell.

151 1005 179 1058 2,
202 987 249 1062 48,
274 1005 300 1047 1:
323 989 364 1058 iis,
384 989 434 1065 qui
456 1006 474 1046 a
497 987 626 1048 Caesare
648 988 835 1049 dimittendos
858 992 1000 1051 exercitus
1022 988 1250 1060 contendebant,
1273 997 1406 1050 assenta-

154 1092 241 1150 batur
258 1092 414 1169 Pompejus
432 1086 536 1162 (Plaut.
556 1091 644 1150 Most.
672 1108 696 1162 1,
720 1109 746 1168 3,
770 1109 810 1168 9ο
832 1090 921 1168 (246);
949 1092 1051 1166 Quint.
1075 1108 1112 1162 ιι,
1135 1108 1162 1167 3,
1186 1091 1405 1170 1023Frontin.

151 1209 181 1267 s,
205 1209 231 1267 s,
253 1190 290 1268 4)-
546 1204 550 1213 ’
904 1217 905 1220 ¹
1126 1282 1131 1291 p

238 1296 373 1354 asserere
391 1312 444 1371 pro
466 1313 502 1354 eo
525 1294 637 1366 dicitur,
660 1295 740 1372 quod
758 1305 802 1356 est
816 1299 970 1355 ¹rn'ndicare
987 1312 1012 1366 2,
1036 1295 1086 1367 60,
1112 1312 1137 1354 1:
1161 1295 1218 1363 sed(
1235 1295 1406 1355 asserebant

151 1397 293 1462 salutaria
316 1396 515 1473 reipublicae
537 1406 739 1474 terrarumque
761 1398 840 1457 orbis
868 1397 929 1457 fata
950 1398 1132 1457 conditorem
1154 1404 1404 1455 conservatorem·

155 1516 216 1574 que
238 1498 365 1558 Romani
382 1498 513 1557 nominis
535 1495 630 1572 (Ovid.
652 1507 721 1558 met.
745 1516 767 1570 1,
790 1498 847 1573 462
865 1507 895 1559 et
912 1498 984 1574 7603
1007 1499 1073 1558 Val.
1091 1498 1173 1557 Max.
1190 1515 1217 1572 4,
1236 1514 1264 1570 4,
1283 1513 1313 1570 43
1336 1497 1402 1556 Sen.

153 1599 233 1674 phil,
256 1600 329 1659 Plin.
352 1601 454 1671 ambo,
478 1599 568 1670 Cum,
592 1599 703 1673 Quint„
725 1595 825 1678 Suet).
843 1631 884 1644 -
902 1600 990 1676 Apud
1008 1601 1133 1679 optimos
1151 1601 1305 1677 scriptores
1323 1618 1404 1659 asse·

154 1719 217 1761 rere
235 1701 410 1761 vocabulum
432 1709 477 1761 est
498 1703 527 1760 in
547 1702 611 1779 jure
629 1702 760 1761 solemne
782 1712 812 1762 et
830 1702 933 1761 dicitur
955 1702 992 1761 de
1009 1703 1052 1772 iis,
1071 1703 1121 1779 qui
1142 1703 1270 1779 aliquem
1288 1720 1325 1761 ex
1343 1719 1403 1760 ser·

151 1803 243 1863 vitute
268 1805 297 1863 in
319 1804 483 1863 libertatem
509 1803 669 1874 vindicant,
691 1822 750 1880 qua
776 1805 805 1862 in
831 1822 863 1863 re
888 1804 928 1869 illi
950 1821 1041 1862 manu
1068 1804 1156 1880 capiti
1182 1804 1212 1862 in
1237 1804 1402 1863 libertatern

152 1904 318 1964 vindicandi
339 1906 477 1981 imposita
494 1923 563 1965 eum
585 1905 708 1964 liberum
731 1921 795 1963 esse
818 1905 945 1982 ajebant.

239 2007 375 2065 Asirnere
392 2009 507 2086 proprie
524 2008 668 2083 significat
683 2008 765 2084 juxta
783 2014 834 2065 aut
851 2024 938 2083 super
956 2007 1025 2083 alqd
1040 2006 1197 2065 aedificare
1215 2003 1403 2083 (Germanice

151 2107 366 2180 ,daranbauem
389 2108 645 2184 dariiberbauen‘),
670 2117 701 2167 ut
723 2107 809 2167 Caes.
832 2108 861 2165 b.
884 2126 908 2166 c
930 2124 955 2178 2,
974 2123 1001 2184 9,
1026 2123 1054 2166 2:
1080 2108 1156 2167 hanc
1173 2108 1292 2184 insuper
1309 2108 1403 2167 contis

153 2211 339 2284 gnationem,
367 2219 511 2289 quantum
533 2219 642 2271 tectum
665 2210 755 2286 plutei
777 2227 813 2269 ac
838 2210 989 2269 vinearum
1011 2227 1132 2286 passum
1153 2217 1225 2280 erat,
1251 2209 1402 2269 latericulo

149 2320 350 2383 astruxerunt3
374 2313 515 2374 translate
537 2332 555 2371 a
578 2312 692 2390 Vellejo
714 2311 809 2388 primo
836 2312 911 2371 inter
933 2311 986 2371 sol.
1009 2319 1082 2370 orat.
1105 2312 1259 2388 scriptores
1285 2313 1401 2388 ponitur

153 2430 206 2489 pro
224 2416 355 2492 adjicere,
377 2416 539 2486 attribuere,
562 2417 665 2474 addere
688 2431 709 2484 1,
734 2427 773 2488 17,
796 2429 826 2471 2:
848 2421 880 2472 ut
897 2413 1011 2471 Livium
1028 2431 1146 2490 quoque
1167 2414 1296 2488 priorum
1312 2415 1401 2473 aetati

150 2524 280 2584 astruas;
311 2532 336 2586 2,
363 2501 406 2592 55,
433 2532 463 2574 2:
495 2534 564 2575 nam
590 2517 681 2576 victus
709 2516 747 2573 ab
775 2519 824 2575 eo'
839 2515 1006 2574 Pharnaces
1032 2516 1079 2574 vix
1105 2515 1263 2592 quicquam
1288 2516 1400 2590 gloriae

152 2616 217 2693 ejus
239 2619 361 2676 astruxit
382 2615 446 2692 (Ov.
469 2626 523 2676 art.
545 2635 602 2675 am.
625 2634 649 2688 2,
674 2633 735 2693 ιι9;
758 2616 832 2676 Plin.
855 2618 959 2687 ambo,
985 2617 1053 2676 Sen.
1075 2617 1153 2693 phil,
1177 2616 1286 2689 Quint,
1310 2615 1403 2691 Tac).

238 2719 396 2794 Auspicori
419 2718 498 2795 apud
525 2727 636 2779 veteres
662 2720 818 2796 scriptores
844 2720 989 2796 significat
1015 2720 1146 2795 auspicia
1172 2718 1293 2790 habere,
1321 2718 1400 2795 apud

153 2819 297 2899 Vellejum
324 2830 481 2898 usurpatur
503 2820 609 2880 eadem
635 2821 674 2892 vi,
703 2840 763 2898 qua
785 2823 918 2897 incipere,
950 2824 1062 2881 aninam
1081 2823 1200 2901 facere,
1232 2823 1351 2898 ingredi
1373 2837 1398 2891 2,

152 2937 214 2990 101,
236 2939 267 2998 3:
295 2942 382 3000 quern
407 2923 527 2982 militiae
553 2923 679 2999 gradum
706 2924 873 2999 auspicatus
895 2924 925 2981 in
947 2923 1088 3001 Thracia5
1114 2925 1140 2982 vi
1162 2925 1278 3000 passiva
1304 2932 1399 2982 exstat

148 3040 176 3095 2,
201 3039 245 3099 79,
268 3041 299 3082 2:
322 3025 479 3100 auspicatis
501 3026 542 3083 rei
563 3025 698 3100 publicae
720 3025 865 3084 ominibus
892 3022 967 3100 (Val.
993 3024 1088 3097 Max,
1112 3025 1183 3096 Col,
1207 3026 1280 3085 Plin.
1303 3026 1400 3095 ambo,

151 3124 234 3196 Tac,
257 3125 346 3196 Suet,
369 3124 460 3202 Just).

241 3225 352 3304 Colligi
365 3236 462 3304 potest
480 3236 620 3304 sequente
641 3230 717 3304 quod
738 3246 759 3300 1,
783 3245 810 3305 9,
834 3230 865 3287 6:
893 3228 949 3287 hoc
971 3228 1069 3303 colligi
1092 3235 1197 3303 potest,
1219 3228 1298 3305 quod
1321 3228 1401 3287 fuere
1429 3253 1434 3264 ·

147 3326 235 3404 (adde
257 3331 340 3389 lexic.
355 3326 472 3403 Latin.);
495 3337 635 3406 sequente
656 3347 753 3390 accus.
776 3348 844 3389 cum
867 3331 944 3389 infin.
962 3345 987 3402 2,
1006 3344 1031 3405 7,
1054 3346 1084 3406 5:
1105 3330 1185 3407 quod
1204 3331 1265 3409 jam
1288 3331 1400 3390 nullum

145 3449 214 3492 esse
236 3433 331 3508 spatio
359 3448 503 3492 annorum
526 3431 623 3506 colligi
649 3441 759 3508 potest;
787 3440 928 3508 sequente
949 3433 1082 3492 oratione
1108 3432 1227 3510 obliqua
1253 3450 1277 3504 2,
1301 3432 1347 3503 86,
1370 3448 1399 3490 2:

146 3552 184 3592 ex
211 3552 271 3609 qua
297 3535 417 3594 lenitate
444 3533 525 3593 ducis
552 3534 649 3608 colligi
682 3542 790 3611 potest,
822 3553 910 3611 quem
937 3533 1133 3593 triumviratus
1160 3534 1288 3594 facturus
1316 3534 1400 3594 fuerit

149 3634 271 3692 modurn
289 3634 379 3711 (Cic).

237 3734 415 3813 Contingere.
458 3736 526 3796 Sors
548 3735 734 3814 Tyrrhenum
756 3738 878 3812 contigit
902 3754 928 3808 1,
953 3755 978 3808 1,
1003 3756 1031 3813 4.
1059 3738 1261 3809 ,Rarissimum
1284 3738 1399 3797 dicendi

145 3858 254 3916 ganne,
279 3846 311 3897 ut
333 3838 411 3914 apud
433 3838 553 3914 Septim.
576 3838 613 3896 de
635 3838 713 3898 bello
735 3839 866 3917 Trojano
888 3855 913 3915 5,
942 3856 989 3915 13¹:
1017 3847 1048 3899 ut
1074 3858 1221 3918 quemque
1243 3857 1305 3898 sors
1328 3858 1398 3898 cou-

97 3971 100 3975 ⁷
146 3944 271 4018 tigerat*
311 3940 513 4000 Ruhnkenius.
553 3939 638 3999 Adde
665 3939 736 3998 Plin.
759 3940 785 3998 h.
808 3960 836 3999 n.
862 3939 901 4011 18,
926 3957 952 3999 ιι
976 3939 1042 4018 (29),
1068 3957 1136 4017 109:
1159 3941 1259 4018 palma
1278 3941 1396 4016 frugum

144 4043 311 4102 indubitata
333 4043 450 4102 ltaliam
472 4043 603 4117 contigit.

232 4145 398 4216 Desinere,
421 4143 501 4220 quod
523 4145 640 4220 proprie
663 4143 765 4202 dicitur
788 4144 825 4204 de
848 4144 994 4216 aedificiis,
1018 4144 1124 4205 deinde
1142 4143 1179 4204 de
1198 4145 1260 4204 aliis
1279 4145 1397 4222 quibus-

128 4246 217 4305 -libet
238 4247 333 4317 rebus,
354 4247 416 4324 jam
438 4245 507 4304 inde
528 4263 547 4303 a
569 4244 682 4322 Vellejo
700 4246 769 4321 poni
792 4235 930 4322 coeptum
952 4256 998 4306 est·
1015 4246 1051 4305 de
1068 4247 1233 4306 hominibus
1251 4263 1275 4318 2,
1294 4248 1341 4321 48,
1366 4264 1396 4307 2;

146 4347 287 4406 defuisset
310 4348 444 4407 fortunae
467 4347 633 4407 destruendi
655 4349 717 4425 ejus
739 4348 821 4407 locus
843 4348 924 4418 (Plin.
947 4367 1015 4424 pan.
1039 4348 1074 4425 83
1081 4366 1088 4419 ;
1114 4349 1223 4422 Quint,
1246 4349 1339 4426 Tac).

232 4448 415 4515 Distribuere
441 4466 509 4507 cum
536 4451 750 4525 praepositione
777 4452 807 4508 in
834 4459 974 4527 sequente
1001 4451 1123 4512 ablanoo
1146 4452 1303 4512 insolenter
1326 4471 1397 4537 con·
