3106 5040
660 292 864 354 -„-

138 484 228 525 unam
252 465 413 524 alteramve
436 481 524 538 supra
546 464 852 537 commemoravimus,
874 480 911 520 ea
929 469 1045 520 tantum
1063 461 1229 531 afferemus,
1253 479 1330 536 quae
1351 461 1390 520 ab

139 551 246 627 usitata
265 566 382 625 dicendi
399 566 612 624 consuetudine
630 565 759 624 maxime
772 564 924 622 videantur
942 562 1079 621 recedere
1097 571 1149 620 aut
1166 562 1246 638 apud
1264 562 1391 637 optimos

137 670 292 745 scriptores
310 668 405 726 minus
423 667 481 724 sint
499 666 671 741 frequentia.
694 667 730 725 In
748 683 808 724 non
822 666 908 724 nullis
921 683 989 722 vero
1007 665 1094 722 rebus
1112 664 1136 721 si
1152 663 1260 722 multus
1278 662 1390 733 fuerim,

138 771 255 829 veniam
277 778 357 845 peto.

133 910 139 945 7
223 869 397 946 Singularis
419 887 557 926 numerus
578 867 658 926 verbi
680 868 809 944 ponitur,
840 867 889 925 ubi
911 867 1074 944 subjectum
1097 865 1136 925 ad
1158 867 1231 923 duas
1253 864 1298 923 vel
1320 884 1392 922 canr-

131 977 235 1051 plures
258 988 399 1049 personas
421 970 546 1047 pertinet
568 986 594 1039 2,
617 985 644 1044 9,
670 986 696 1026 1:
719 986 775 1027 nec
797 960 1029 1045 praetereundus
1046 967 1183 1026 Metellus
1205 974 1235 1024 et
1252 967 1391 1032 Scaurus:

137 1091 163 1145 2,
182 1091 211 1150 9,
230 1071 264 1131 6:
291 1072 441 1131 Vetustior
462 1071 587 1130 Sisenna
609 1070 662 1134 fuit
684 1068 803 1129 Caelius
825 1068 1026 1144 Claudiusque
1048 1066 1262 1142 Quadrigarius
1284 1074 1315 1126 et
1332 1067 1393 1125 Va·
1455 1071 1457 1075 ’

50 1182 51 1185 ’
138 1176 226 1234 lerius
252 1173 371 1241 Antias3
398 1189 428 1243 2,
450 1187 500 1248 54,
524 1188 553 1230 2:
585 1167 710 1240 bellum,
737 1171 817 1246 quod
844 1171 943 1230 ciebat
968 1189 1019 1229 rex
1042 1169 1120 1248 Juba
1146 1179 1175 1228 et
1198 1169 1303 1245 Scipio.
1347 1167 1392 1227 Cl.

138 1276 264 1353 Zumptii
286 1273 422 1333 Gramm.
443 1273 511 1332 Lat.
533 1271 552 1348 ξ
571 1287 633 1348 373.

229 1373 408 1434 constructa
430 1374 480 1434 illa
502 1366 588 1435 κατὰ
610 1366 749 1445 σύνεσιν,
772 1393 832 1450 qua
849 1375 889 1443 fit,
914 1383 946 1432 ut
959 1374 1079 1431 ‘nomini
1101 1372 1253 1431 collectivo
1275 1371 1393 1449 pluralis

41 1470 42 1474 ¹
140 1466 221 1546 verbi
238 1494 377 1535 numerus
396 1475 582 1554 adjungatur,
601 1477 745 1534 invenitur
765 1493 786 1546 1,
808 1473 850 1544 16,
869 1491 899 1550 5:
918 1475 996 1533 adeo
1014 1482 1142 1533 artatum
1160 1475 1302 1548 angustiis
1320 1482 1394 1532 tem-

140 1597 257 1655 porum,
286 1585 319 1637 ut
341 1595 430 1636 nemo
452 1579 596 1635 memoria
618 1576 723 1651 dignus
750 1577 824 1634 alter
850 1576 888 1632 ab
915 1575 1009 1633 altero
1033 1575 1123 1633 videri
1148 1575 1342 1650 nequiverint,
1370 1590 1395 1651 2,

141 1695 185 1756 35,
203 1696 237 1753 4:
260 1688 292 1737 ut
309 1679 404 1756 major
426 1697 493 1754 pars
515 1677 624 1736 ordinis
641 1679 784 1753 equestris
803 1675 977 1736 Ciceronem
996 1685 1241 1751 prosequerentur
1259 1676 1395 1744 domum:

143 1797 172 1851 2,
197 1795 244 1856 19,
267 1797 300 1854 4:
323 1797 393 1838 cum
414 1778 489 1838 alter
511 1779 594 1838 alteri
616 1787 736 1854 possent
757 1796 822 1837 esse
843 1777 958 1836 solatio.
1287 1759 1288 1762 ¹

225 1882 380 1957 Apporitio,
403 1898 481 1956 quae
503 1879 607 1938 dicitur
626 1881 767 1954 partitiva
790 1879 835 1936 vel
858 1878 1051 1947 distributiva,
1080 1877 1221 1953 reperitur
1243 1892 1271 1946 2,
1296 1890 1340 1950 71,
1364 1893 1395 1950 3:

143 1984 257 2042 Drusus
278 1982 377 2040 Livius
399 1989 428 2039 et
450 1982 547 2039 Varus
570 1979 729 2052 Quintilius
747 1980 821 2038 alter
843 1997 875 2038 se
896 1972 960 2054 ipse
981 1979 1142 2048 interemit,
1171 1979 1268 2037 Varus
1296 1986 1396 2036 autem

139 2085 290 2163 jugulatus
312 2090 365 2142 est.
410 2080 455 2140 Cf.
478 2083 589 2157 Draeg.
611 2082 676 2140 hist.
699 2082 779 2158 Synt.
801 2082 825 2138 I.
848 2100 877 2157 p.
900 2096 928 2154 3.

228 2183 359 2243 Genitivi
377 2184 508 2260 objictiai
526 2183 624 2241 minus
645 2183 754 2241 usitata
776 2183 913 2262 exempla
930 2181 1090 2240 afferantur
1108 2181 1196 2240 baec:
1219 2180 1396 2258 adjutorium

140 2287 209 2346 belli
227 2303 252 2356 2,
273 2301 328 2356 112,
346 2298 378 2362 43
400 2303 484 2343 amor
502 2285 629 2361 partium
646 2283 894 2360 Pompeianarum
912 2298 937 2352 2,
956 2282 1001 2353 62,
1017 2282 1049 2351 6;
1072 2300 1144 2341 cura
1165 2282 1234 2341 belli
1256 2298 1280 2352 2,
1301 2295 1345 2357 97,
1365 2297 1396 2350 2;
1500 2327 1506 2335 .

142 2406 212 2447 cura
235 2387 353 2462 frugum
375 2402 405 2456 2,
427 2400 478 2461 25,
503 2403 528 2456 1;
551 2385 674 2444 infamia
696 2387 840 2461 pecuniae
863 2401 892 2454 2,
916 2400 964 2458 32,
987 2401 1004 2442 2
1025 2381 1119 2456 (Caes.
1142 2384 1171 2441 b.
1194 2402 1220 2440 c.
1250 2401 1276 2454 1,
1300 2399 1332 2456 4,
1356 2385 1396 2458 5);

142 2489 268 2564 segnitia
288 2505 350 2546 11011
371 2488 516 2546 vindictae
537 2488 660 2564 injuriae
684 2505 710 2558 1,
736 2505 760 2558 1,
786 2503 811 2557 1;
834 2488 956 2562 iniuriae
977 2487 1025 2543 avi
1049 2503 1074 2554 1,
1098 2484 1130 2554 8,
1153 2501 1173 2557 4
1194 2482 1326 2560 (injuriae
1348 2502 1397 2542 so-

142 2590 255 2648 ciorum
275 2588 344 2649 Sall.
367 2587 434 2666 Jug.
460 2604 501 2661 14,
527 2584 581 2664 19);
605 2587 677 2646 ultio
699 2587 916 2646 inimicitiarum
938 2601 969 2655 2,
993 2601 1017 2661 7,
1041 2586 1074 2654 6;
1097 2585 1169 2643 ultio
1192 2587 1348 2644 noxiorum
1371 2602 1396 2655 2,

101 2749 105 2758 1
145 2703 205 2764 ¹²52
228 2705 255 2763 3·
460 2776 463 2782 ³
516 2747 518 2752 -
807 2776 808 2779 Ἴ

230 2788 380 2849 Genitiaus
397 2791 454 2861 ille,
475 2808 565 2865 quem
574 2792 765 2865 proprietatis
783 2807 850 2847 vere
865 2788 979 2859 dixeris,
998 2787 1139 2864 reperitur
1152 2804 1177 2858 2,
1188 2787 1235 2864 69,
1247 2804 1276 2846 2:
1295 2788 1398 2846 decem

95 2899 98 2903 ’
142 2892 275 2966 legiones
302 2894 332 2951 in
358 2909 395 2951 eo
421 2900 517 2950 tractu
543 2891 587 2949 sui
613 2891 683 2969 juris
711 2892 831 2959 iecerat3
860 2907 890 2959 2,
916 2889 982 2961 108,
1005 2906 1035 2947 2:
1067 2891 1204 2948 finitimos
1227 2891 1321 2949 omnis
1344 2897 1396 2948 aut

143 2992 223 3051 bello
244 2990 359 3049 domuit
379 3001 432 3050 aut
453 2992 674 3051 condicionibus
697 2993 741 3051 sui
760 2993 831 3070 juris
854 2992 930 3051 fecit.

231 3089 381 3150 Genitivus
402 3084 462 3152 nou
480 3094 565 3152 nullis
583 3093 741 3170 adjectivis,
763 3111 842 3168 quae
858 3103 1009 3164 vocantur,
1028 3092 1154 3151 relativis
1172 3093 1354 3170 adjungitur:

228 3194 305 3252 Acer
326 3193 396 3252 belli
419 3211 444 3265 1,
468 3211 499 3269 3,
523 3212 535 3253 1
563 3192 641 3268 (acer
663 3193 783 3252 militiae
804 3194 878 3252 Tac.
901 3194 966 3252 hist
989 3210 1018 3262 2,
1042 3189 1085 3270 5);
1113 3202 1214 3251 tamen
1238 3196 1397 3253 acerrimus

144 3295 222 3355 bello
244 3311 274 3366 2,
300 3295 346 3366 18,
372 3313 383 3353 1
406 3293 506 3371 (Verg.
530 3297 605 3354 Aen.
630 3310 678 3365 10,
701 3291 773 3370 411).
792 3280 795 3284 ⁴
816 3293 921 3353 Cicero
943 3294 1000 3353 hoc
1022 3294 1198 3371 adjectivum
1221 3314 1289 3353 cum
1311 3312 1397 3371 prae·

143 3399 341 3474 positionibus,
365 3416 442 3473 quae
464 3407 532 3457 sunt
553 3399 581 3455 in
605 3405 635 3456 et
656 3396 704 3468 ad,
728 3398 888 3477 conjungit.
912 3427 952 3438 -
975 3416 1071 3472 capax
1093 3398 1229 3455 fortunae
1252 3413 1281 3467 2,
1305 3413 1357 3472 93,
1381 3413 1397 3454 2

142 3498 216 3576 (Ov,
238 3499 306 3558 Sen.
325 3507 411 3574 trag,
435 3498 518 3569 Tac,
542 3499 614 3557 Plin.
633 3517 688 3574 ep,
711 3497 811 3576 curt).
846 3499 970 3575 Propria
987 3499 1199 3573 significatione
1218 3500 1281 3577 jam
1300 3498 1398 3559 Livius

144 3600 227 3659 dixit:
251 3601 308 3659 cibi
330 3602 448 3677 vinique
469 3601 678 3676 capacissimus
701 3617 730 3676 9,
754 3598 796 3670 16,
821 3616 862 3674 13.
886 3631 926 3642 -
949 3601 1082 3658 eminens
1104 3618 1129 3658 c.
1153 3602 1243 3676 genit.
1267 3617 1397 3671 1,12,2:

90 3723 96 3729 ·
144 3702 241 3777 Scipio
263 3702 445 3762 Aemilianus
467 3703 568 3778 ingeni
590 3720 627 3761 ac
648 3701 811 3761 studiorum
833 3701 1080 3760 eminentissimus
1102 3698 1193 3761 seculi
1215 3704 1267 3762 sui.
1311 3703 1398 3763 Haec

143 3810 289 3862 structura
311 3802 391 3880 apud
413 3804 508 3861 solum
523 3802 668 3880 Vellejum
690 3802 804 3863 videtur
826 3811 949 3862 exstare.
968 3833 1008 3846 -·
1028 3804 1201 3863 fortissimus
1224 3806 1316 3862 animi
1337 3805 1399 3862 bel·

143 3905 221 3981 lique
243 3920 273 3974 2,
296 3918 343 3979 27,
377 3922 388 3962 1
412 3904 500 3982 (Nep.
526 3904 613 3964 Paus.
639 3921 664 3973 1,
687 3920 703 3962 2
726 3922 818 3964 manu
841 3904 922 3962 fortis
945 3903 1028 3973 dixit3
1052 3903 1133 3979 apud
1156 3903 1330 3964 Ciceronem
1353 3923 1398 3964 se·

142 4013 272 4081 quuntur
292 4004 523 4082 praepositiones
539 4005 570 4063 in
587 4012 617 4062 et
634 3999 695 4081 ad).
713 4035 754 4046 -
771 4004 946 4064 immodicus
964 4005 1076 4080 gloriae
1094 4021 1118 4073 2,
1139 4022 1176 4071 11,
1197 4023 1208 4063 1
1233 4003 1313 4082 (Sall.
1333 4006 1397 4066 hist.

145 4122 166 4175 1,
193 4121 243 4178 114
265 4105 317 4163 D.:
337 4107 513 4165 immodicus
536 4107 640 4175 animi;
664 4105 736 4176 Col,
755 4106 840 4176 Tac,
863 4106 921 4176 sil,
944 4102 1038 4181 Stat).
1082 4107 1200 4167 Tamen
1223 4108 1398 4168 immodicus

143 4209 174 4264 in
196 4205 369 4283 appetendis
391 4208 551 4266 honoribus
574 4224 599 4277 2,
622 4223 670 4283 33,
693 4224 720 4282 3.
739 4237 779 4249 -
802 4208 942 4267 immunis
965 4208 1138 4266 delictorum
1160 4217 1350 4285 paternorum
1372 4225 1398 4280 2,

143 4320 168 4380 7,
187 4323 210 4364 2.
224 4306 295 4381 (Liv.
317 4322 388 4384 7,‹7,
406 4323 436 4383 5;
461 4306 516 4367 Ov.
539 4308 600 4366 her.
625 4325 667 4383 14,
692 4307 724 4378 8;
747 4307 821 4367 Tac.
845 4326 914 4367 ann.
939 4323 961 4378 1,
984 4307 1040 4383 36).
1060 4340 1100 4351 -
1119 4310 1237 4369 Tamen
1260 4312 1398 4370 immunis

143 4426 168 4466 c.
189 4409 247 4467 abl.
271 4425 296 4479 2,
319 4424 363 4486 35,
387 4424 416 4479 2;
439 4426 464 4480 2,
487 4409 536 4483 46,
560 4425 590 4480 23
614 4426 639 4480 2,
664 4424 719 4486 115,
742 4426 758 4468 2
780 4410 853 4498 (Liv.
869 4425 900 4480 1,
914 4427 968 4485 43,
992 4409 1028 4486 8).
1056 4442 1097 4452 -
1127 4412 1267 4472 immunis
1289 4412 1327 4471 ab
1351 4431 1397 4471 ar·
