3106 5040
745 222 950 303 *3⁶-

307 413 481 489 Peragrari
504 431 557 490 pro
584 415 672 473 verbo
699 413 857 491 deponenti
879 418 975 471 exstat
997 423 1021 482 2⁴,
1051 426 1095 488 97,
1123 431 1156 486 4:
1183 421 1356 488 peragratus
1384 415 1484 473 victor

222 515 318 575 omnis
335 515 426 591 partis
447 512 635 574 Germaniae.
668 514 757 574 Hanc
775 510 860 574 verbi
873 515 1045 590 deponentis
1065 514 1190 573 sormam
1200 514 1325 573 Kritzius
1344 515 1483 574 maximo

189 676 191 681 .
222 636 290 677 cum
313 616 407 676 studio
430 615 572 685 defendit;
601 616 652 675 sed
677 618 738 694 jam
762 616 954 675 Ruhnkenius
978 616 1153 686 felicissime,
1181 623 1213 676 ut
1240 617 1325 675 nobis
1352 615 1479 684 videtur,

220 719 346 796 conjecit
367 722 571 795 ,pervagatust
651 726 654 733 '

305 836 471 912 Repensare
492 835 632 896 translate
654 855 708 913 pro
726 855 763 896 eo
786 838 897 907 dicitur,
921 835 1001 914 quod
1023 845 1067 895 est
1088 857 1223 911 aequare,
1247 849 1427 913 compensare
1450 855 1480 910 2,

222 952 260 1008 12,
284 952 314 1013 51
341 938 397 997 bac
418 937 538 998 victoria
559 936 671 997 videtur
694 940 833 1001 memisse
856 937 980 1008 Marius,
1008 956 1046 996 ne
1068 938 1129 1015 ejus
1152 940 1213 996 nati
1242 957 1304 997 rem
1326 940 1480 1014 publicam

220 1028 391 1116 poeniteret,
415 1057 451 1099 ac
472 1039 551 1098 bona
578 1028 670 1099 malis*
690 1054 875 1116 repensasse;
907 1055 931 1110 2,
955 1054 995 1110 21,
1019 1056 1052 1112 4:
1074 1041 1155 1116 cujus
1176 1039 1325 1118 (Pompeji)
1342 1041 1483 1102 interitus

220 1140 354 1216 voluptas
382 1141 557 1200 amissorum
584 1148 635 1201 aut
656 1142 757 1217 gladio
784 1150 835 1200 aut
856 1142 960 1200 morbo
983 1142 1089 1199 civium
1115 1159 1210 1217 paene
1233 1141 1343 1201 damno
1369 1163 1480 1220 repen·

219 1252 286 1303 sata
303 1251 348 1302 est
365 1240 438 1318 (Col.
453 1259 479 1318 5,
498 1259 523 1313 2,
544 1260 587 1318 15;
611 1243 677 1302 Seu.
690 1251 749 1327 nat.
764 1251 868 1320 quaest
886 1241 1008 1322 5,18,4;
1028 1242 1064 1301 de
1081 1244 1124 1301 ira
1141 1259 1165 1313 2,
1185 1258 1228 1319 52,
1249 1260 1275 1313 11
1294 1243 1422 1321 postea).
1434 1278 1480 1288 -

219 1355 373 1419 repensare
398 1345 514 1420 proprie
540 1352 635 1404 exstat
657 1345 735 1404 Flor.
757 1362 787 1420 5,
813 1360 855 1420 15,
880 1343 913 1403 6:
944 1352 1033 1420 caput
1060 1362 1140 1403 auro.
1190 1346 1320 1404 Verbum
1349 1347 1481 1423 simplex

111 1448 115 1455 '
220 1448 364 1524 ,pensare‘
391 1445 535 1505 translata
560 1447 772 1521 significatione
797 1447 941 1506 invenitur
963 1461 992 1512 2,
1019 1444 1069 1516 88,
1098 1463 1130 1522 51
1162 1455 1288 1507 mortem
1314 1450 1479 1509 immortali

221 1548 347 1607 nominis
365 1548 531 1616 memoriae
543 1563 568 1618 2,
594 1564 646 1618 111,
665 1564 695 1623 5:
717 1549 868 1607 victoriam
887 1547 997 1607 damno
1019 1549 1118 1607 amissi
1137 1550 1245 1608 militis
1264 1581 1303 1592 -
1322 1554 1480 1626 rependere

220 1649 337 1726 proprie
359 1650 476 1726 ponitur
504 1665 528 1720 2,
557 1648 584 1719 6,
613 1666 643 1725 5:
674 1657 763 1725 caput
785 1668 857 1708 auro
879 1647 1005 1726 (Ciceroz
1033 1667 1138 1708 aurum
1160 1669 1213 1726 pro
1236 1651 1353 1727 capite);
1376 1661 1478 1713 trans-

222 1752 282 1810 late
305 1759 461 1828 usurpatur
483 1752 550 1810 1721.
573 1750 653 1810 Max.
673 1767 703 1827 5,
727 1769 752 1827 5.
776 1760 881 1827 211151
901 1752 1043 1811 beneficia
1065 1752 1174 1830 injuriis
1195 1755 1364 1829 rependere.
1387 1786 1432 1798 -

307 1871 362 1931 His
388 1872 481 1931 verbis
505 1872 634 1950 Vellejus
661 1879 712 1930 aut
738 1890 846 1931 novam
873 1872 931 1929 vim
958 1880 1008 1930 aut
1030 1858 1205 1930 structuram
1227 1873 1266 1931 ab
1292 1874 1477 1948 optimorum

221 1974 395 2050 scriptorum
418 1972 628 2031 consuetudine
650 1972 777 2031 alienam
799 1971 911 2031 videtur
932 1973 1105 2048 imposuisse
1126 1972 1248 2048 primus:

304 2093 436 2169 Adjr‘cere
457 2110 579 2150 manum
602 2092 678 2157 alcui
705 2108 758 2167 pro
780 2109 825 2161 eo,
849 2091 929 2168 quod
951 2100 996 2150 est
1018 2093 1148 2169 injicere,
1171 2093 1323 2168 imponere
1350 2113 1476 2154 manum

220 2211 245 2262 2,
270 2211 337 2266 100,
364 2211 393 2252 1:
416 2211 487 2251 112111
510 2201 539 2252 21
562 2193 685 2252 Parthus
709 2193 874 2252 desciscens
893 2213 912 2251 a
930 2195 1071 2252 societate
1088 2194 1226 2253 Romana
1243 2194 1350 2271 adjecit
1368 2199 1473 2255 Arme·

219 2299 285 2357 niae
312 2314 442 2356 manum.
485 2294 528 2353 Ut
550 2303 659 2364 autem,
677 2295 851 2353 observante
872 2292 1058 2364 Ruhnkenio,
1085 2297 1240 2371 scriptores
1266 2296 1364 2355 Latini
1392 2299 1476 2359 nullo

220 2398 387 2457 discrimine
409 2397 515 2456 inserre
533 2404 562 2454 et
584 2397 689 2455 afferre
707 2414 829 2455 manum
848 2394 955 2466 dicunt,
979 2398 1020 2455 ita
1041 2414 1100 2454 non
1118 2399 1284 2472 promiscue
1302 2398 1358 2456 dici
1376 2410 1479 2476 potest

219 2501 336 2577 injicere
359 2507 388 2558 et
411 2478 537 2576 adjicere
559 2516 681 2557 manum
703 2495 818 2573 (inferre
841 2516 947 2556 manus
970 2496 1032 2557 Cic.
1055 2497 1119 2558 Cat.
1140 2515 1161 2569 1,
1185 2497 1211 2570 8,
1235 2516 1281 2570 22;
1304 2500 1384 2559 Suet.
1409 2501 1476 2562 Cal.

217 2618 248 2676 51
265 2611 335 2662 extr.
352 2632 393 2644 -
414 2601 518 2659 afferre
531 2619 637 2660 manus
657 2599 760 2660 Cicero
779 2601 948 2677 saepissime
965 2600 1048 2670 dixit;
1068 2601 1104 2659 cf.
1118 2601 1266 2677 Merguet,
1286 2603 1419 2664 Lexicon
1438 2625 1478 2664 zu

220 2704 277 2763 den
300 2703 404 2763 Reden
427 2702 478 2761 des
501 2702 604 2762 Cicero
627 2721 655 2778 p.
679 2719 728 2778 92;
756 2702 822 2762 Sen.
846 2703 883 2761 de
905 2703 972 2761 ben.
994 2718 1020 2778 5,
1045 2718 1085 2778 15,
1108 2699 1147 2779 4).
1192 2704 1326 2782 Adjicere
1348 2725 1477 2767 manum

216 2806 307 2863 etiam
333 2805 476 2863 invenitur
503 2804 569 2862 Val.
596 2803 678 2863 Max.
706 2817 731 2878 7,
758 2818 783 2878 5,
811 2819 843 2876 4;
875 2804 991 2880 injicere
1013 2823 1134 2862 manum
1157 2804 1217 2864 Cic.
1245 2825 1298 2882 pro
1320 2806 1358 2879 Q.
1382 2808 1478 2869 Rosc.

220 2906 262 2976 16,
277 2905 329 2980 48:
348 2907 410 2965 Liv.
432 2922 456 2976 2,
476 2922 515 2977 12,
540 2919 584 2979 15;
604 2904 669 2963 Val.
688 2903 769 2962 Max.
788 2920 814 2975 2,
834 2905 944 2991 9111111
964 2922 989 2980 5,
1008 2922 1033 2975 2,
1053 2922 1100 2981 25;
1124 2922 1151 2979 4,
1172 2923 1193 2977 1,
1214 2922 1257 2982 15;
1277 2921 1302 2982 7,
1321 2925 1346 2966 2.
1366 2919 1426 2969 ext.
1447 2927 1476 2981 1;

216 3008 337 3083 Flor.·3,
352 3024 396 3084 25,
410 3025 438 3085 9.
464 3007 511 3066 De
520 3006 668 3066 locutione
682 3024 805 3064 manum
823 3007 973 3082 imponere
991 3007 1027 3066 cf.
1042 3007 1301 3085 Krebs-Allgayer,
1314 3011 1476 3071 Antibarb.
1533 3068 1536 3075 .

218 3110 264 3169 ed.
288 3110 324 3168 V.
346 3130 375 3187 p.
398 3126 458 3187 557,
481 3112 528 3170 cui
550 3110 719 3170 addendum
741 3119 786 3169 est
809 3110 953 3189 Vellejum
975 3124 1090 3188 semper
1113 3113 1208 3194 dicere
1231 3113 1360 3171 ultr'rnam
1388 3112 1479 3180 (nonz

217 3194 365 3283 summare,
388 3209 554 3288 extremam)
576 3230 698 3271 manum
720 3213 883 3291 imponere.
920 3212 964 3272 Cs.
988 3230 1013 3282 2,
1036 3229 1084 3289 55,
1109 3229 1134 3283 1;
1158 3230 1182 3283 2,
1205 3212 1249 3288 87,
1274 3228 1299 3281 11
1322 3228 1347 3283 2,
1371 3211 1418 3284 88,
1445 3195 1482 3286 13¹

217 3327 334 3388 2,,117,
360 3330 381 3372 1.

304 3433 404 3491 Accire
435 3433 526 3508 paulo
553 3399 723 3493 insolentius
751 3433 894 3492 translata
921 3433 1132 3508 significatione
1163 3432 1283 3512 dicitur¹
1298 3450 1327 3504 2,
1359 3433 1406 3509 58,
1442 3435 1479 3495 6:

223 3533 300 3608 regis
317 3542 420 3604 morte,
440 3554 530 3611 quarn
551 3535 598 3594 ille
622 3536 800 3595 conscientia
822 3536 976 3603 acciverat,
995 3530 1126 3610 (Cyprus)
1149 3533 1227 3594 facta
1249 3537 1399 3611 provincia
1419 3547 1479 3598 est.

221 3629 368 3694 castor.
391 3651 419 3708 4,
438 3652 467 3713 ,2,
492 3650 537 3710 711
559 3644 685 3695 mortem
707 3638 795 3696 etiam
818 3636 912 3695 laetus
934 3637 1045 3695 accivit.

305 3755 437 3830 Agnosce'
460 3753 561 3813 addito
589 3755 769 3813 nominativo
795 3753 954 3830 praedicati
982 3772 1034 3829 per
1057 3761 1089 3811 ut
1109 3771 1137 3824 2,
1163 3771 1210 3824 10,
1236 3773 1260 3814 11
1288 3765 1319 3815 21
1337 3775 1427 3829 nunc,
1451 3762 1480 3820 si

221 3855 285 3931 quis
307 3857 382 3914 tanti
398 3855 517 3926 habitet,
541 3855 587 3913 vix
610 3865 641 3915 ut
659 3864 778 3915 senator
799 3857 975 3930 agnoscitur.

304 3975 357 4032 Ale·
376 3977 406 4032 in
429 3976 498 4050 alqd
517 3992 570 4050 pro
589 3991 634 4043 eo,
657 3973 736 4050 quod
756 3981 800 4031 est
822 3973 901 4049 apud
919 3972 1092 4032 Ciceronem
1114 3977 1234 4033 educari
1252 3979 1293 4033 ad
1311 3978 1382 4052 elqd
1400 3975 1478 4052 (Cic.

222 4075 305 4134 Verr.
328 4093 354 4152 5,
377 4092 422 4150 24,
446 4075 500 4135 60:
523 4077 641 4135 bomine
664 4076 701 4134 ad
724 4075 933 4152 turpitudinem
956 4076 1091 4151 educato)
1112 4093 1136 4147 2,
1156 4093 1201 4153 95,
1224 4095 1253 4137 2:
1279 4079 1390 4155 juvenis
1414 4081 1478 4142 for·

220 4183 310 4236 tunae
336 4175 526 4253 (nulrdnftige
552 4178 628 4236 hohe
650 4175 808 4253 Stelluug‘),
830 4179 859 4237 in
886 4196 975 4255 quam
993 4178 1134 4250 alebatur,
1162 4197 1256 4254 capax
1279 4176 1365 4252 (adde
1387 4183 1478 4244 lexic.

217 4275 332 4354 Latin).
361 4278 406 4338 Cl.
422 4280 489 4337 Val.
501 4277 582 4337 Max.
596 4296 621 4350 2,
636 4295 683 4350 1ο,
698 4296 731 4353 41
750 4280 788 4337 ad
806 4280 950 4338 excidium
969 4281 1029 4358 ejus
1048 4282 1180 4340 alebatur
1198 4280 1283 4355 (adde
1293 4282 1376 4342 lexic.
1387 4283 1479 4363 Lat).

305 4380 470 4455 Ambr‘gitur
492 4383 570 4456 apud
590 4381 734 4458 quosdam
759 4397 780 4450 1,
805 4396 844 4456 15,
868 4382 1027 4458 5120112111
1051 4391 1215 4457 temporum
1238 4391 1342 4455 tractu,
1366 4403 1478 4461 quam·
