3106 5040
555 258 821 345 Ι--()1--

96 471 171 554 [21],
205 470 236 551 1).
260 504 300 516 -
323 473 495 549 tranquillus
526 473 606 531 vultu
637 474 755 547 vitaque
778 489 811 542 2,
842 486 901 547 127,
930 491 969 559 4.,
983 505 1022 556 7-
1046 483 1110 533 trux
1142 475 1292 533 ferocitate
1322 490 1347 544 2,

96 593 143 655 us
164 592 182 637 ²
204 572 307 654 (raa).
481 564 485 575 '
1299 580 1303 585 ’

597 911 662 984 ue
704 911 850 984 mons.
927 1006 929 1010 ¹

180 1085 359 1143 Indr'calrbus
390 1083 507 1160 ponitur
534 1083 563 1141 in
591 1085 716 1141 oratione
739 1083 866 1158 obliqua,
896 1084 978 1166 cujus
1009 1089 1171 1141 structurae
1202 1101 1239 1140 ne
1270 1085 1350 1159 apud

94 1187 222 1263 optimos
253 1185 372 1263 quidem
403 1187 558 1261 scriptores
589 1186 695 1244 desunt
721 1185 866 1260 exempla.
911 1185 956 1244 Cf.
979 1184 1097 1243 Kuehn.
1124 1185 1236 1244 Livian.
1269 1186 1348 1262 Synt.
1441 1241 1444 1246 .

97 1306 127 1364 p.
149 1303 216 1362 2353
243 1285 344 1345 Madv.
370 1286 470 1344 latein.
500 1286 693 1363 Sprachlehre
719 1283 739 1361 ξ
762 1285 820 1361 369
843 1286 984 1344 Anmerk.
1011 1301 1040 1355 2;
1072 1287 1187 1362 Zumpt.
1216 1286 1349 1346 Gramm.

99 1389 166 1449 Lat.
193 1386 213 1464 ξ
240 1403 293 1463 553
319 1390 408 1446 Anm.
438 1404 460 1446 1.
478 1419 519 1430 -
543 1388 618 1447 Vell.
646 1404 675 1458 2,
703 1401 750 1462 27.
777 1404 807 1446 2:
838 1388 976 1446 adiiciens
1007 1405 1169 1463 numquam
1201 1388 1351 1449 defuturos

99 1498 231 1566 raptores
250 1489 354 1548 ltaliae
371 1489 511 1548 libertatis
529 1489 622 1565 lupos,
645 1489 700 1547 nisi
718 1488 798 1558 silva,
817 1489 956 1565 inquam
975 1488 1109 1564 refugere
1136 1488 1237 1547 solent'
1249 1485 1352 1567 (Halm

100 1588 256 1667 solerent)
277 1599 355 1650 esset
376 1592 482 1650 excisa.
510 1589 555 1650 Cf.
578 1591 660 1649 Kritz
683 1590 722 1649 ad
744 1590 812 1649 Sall.
837 1591 903 1669 jug.
922 1588 967 1664 38,
987 1606 1005 1664 9
1023 1608 1052 1666 p.
1072 1605 1133 1664 32²·
1153 1622 1191 1632 ·-
1211 1607 1236 1663 2,
1255 1606 1303 1665 94,
1322 1607 1350 1648 2:

102 1692 160 1770 qui,
187 1701 314 1769 quantus
336 1700 389 1762 est,
411 1693 523 1769 sperari
544 1700 674 1768 poterat3
701 1708 730 1762 2,
755 1705 814 1766 117,
838 1708 868 1766 3:
896 1693 1031 1767 concepit
1052 1710 1117 1751 esse
1138 1693 1280 1762 homines,
1303 1693 1353 1767 qui

100 1793 170 1852 nihil
192 1793 335 1852 haberent
356 1802 472 1870 praeter
494 1810 597 1851 vocem
616 1794 768 1852 hominurn
792 1792 900 1868 quique
919 1792 1029 1866 ¹gladiis
1052 1793 1166 1851 domari
1188 1811 1247 1852 non
1270 1803 1352 1869 pote·

99 1904 174 1966 rant,
200 1913 288 1971 posse
307 1896 372 1972 jure
393 1895 524 1953 mulceri.

188 1997 367 2055 Indz‘calzbus
384 1998 512 2076 perfecti
531 2005 694 2072 usurpatur,
718 1998 767 2056 ubi
785 1997 986 2075 conjunctivus
1004 1996 1282 2073 plusquamperfecti
1304 2017 1354 2056 ex·

100 2105 249 2174 spectatur
266 2115 291 2168 2,
310 2114 353 2173 52,
372 2114 401 2156 2:
420 2098 550 2174 plerique
568 2099 769 2167 hortabantur,
787 2106 820 2157 ut
837 2099 868 2157 in
883 2099 1000 2158 ltaliam
1018 2100 1228 2158 transmitteret
1246 2096 1353 2178 (neque
1449 2143 1452 2149 .

58 2189 60 2193 ¹
100 2200 231 2261 hercules
253 2201 412 2276 quicquam
429 2201 561 2276 partibus
578 2201 633 2260 illis
648 2201 794 2260 salubrius
812 2200 882 2275 fuit),
902 2201 950 2260 alii
968 2209 1000 2260 ut
1014 2200 1124 2259 bellum
1146 2200 1274 2260 traheret
1296 2211 1352 2260 etc.

103 2301 148 2361 Cf.
165 2302 272 2377 Zumpt
294 2298 314 2376 ξ
332 2301 393 2377 518.
1146 2352 1149 2356 ,

184 2403 364 2461 Indicatrbus
386 2403 511 2482 perfecti
534 2404 565 2461 in
591 2404 715 2481 apodosi
737 2403 945 2485 enuntiationis
967 2402 1176 2462 condicionalis
1198 2412 1353 2477 usurpatur
1405 2456 1407 2458 ,

101 2503 202 2564 addita
224 2505 334 2579 protasi
355 2523 406 2580 per
428 2504 591 2579 imperfecti
613 2506 831 2583 conjunctivum
856 2522 878 2574 1,
903 2503 944 2574 18,
968 2521 999 2577 3:
1022 2522 1099 2580 quae
1121 2505 1207 2563 urbes
1229 2512 1354 2563 cunctae

100 2606 264 2665 liberalium
286 2605 447 2664 studiorum
471 2605 552 2663 fuere
573 2607 698 2677 steriles,
721 2607 776 2665 nisi
798 2606 918 2664 Thebas
940 2623 1032 2663 unum
1054 2623 1088 2663 os
1110 2604 1227 2663 Pindari
1248 2605 1354 2663 illumi·

102 2714 194 2768 naret.
237 2705 283 2765 Cf.
305 2707 411 2783 Zumpt
434 2704 454 2782 ξ
475 2699 554 2782 5195.

14 2820 17 2825 ’
187 2809 354 2867 Praesenti
375 2811 460 2867 indic.
484 2808 658 2884 profuturo
680 2810 797 2884 ponitur
819 2825 844 2879 2,
867 2824 911 2883 32,
937 2825 961 2866 1:
984 2809 1007 2867 si
1030 2808 1100 2884 quid
1117 2807 1185 2865 huic
1207 2807 1352 2877 acciderit,

102 2927 190 2987 quem
212 2910 242 2967 in
264 2911 326 2985 ejus
347 2909 446 2968 locum
469 2908 657 2970 substituitis?
688 2910 733 2971 Cf.
751 2911 902 2970 Drakenb.
920 2909 959 2968 ad
977 2910 1039 2969 Liv.
1058 2927 1084 2985 3,
1103 2903 1354 2985 5949111391-

103 3011 178 3069 born
200 3019 230 3068 et
251 3011 342 3068 Hertz
365 3009 509 3087 jubebo).

169 3110 277 3184 .Qu0d
297 3105 401 3170 attinet
423 3111 462 3171 ad
484 3129 569 3170 usum
587 3114 763 3189 conj'unclr'vz'
781 3112 861 3188 apud
879 3112 1034 3189 Vellejum,
1057 3113 1182 3189 primum
1205 3119 1252 3170 est
1272 3130 1354 3170 com·

101 3212 327 3275 memorandum
346 3213 440 3272 solum
459 3213 677 3291 conjunctivum
694 3231 755 3272 non
769 3232 930 3289 numquam
948 3215 1076 3290 positum
1094 3231 1158 3272 esse
1167 3231 1225 3289 ‚pro
1239 3219 1272 3270 ut
1287 3231 1355 3288 par·

101 3313 191 3373 ticula
212 3324 353 3389 sequente
375 3315 573 3392 conjunctivo,
596 3317 675 3374 velut
697 3324 776 3391 post:
799 3316 972 3375 denuntiare
993 3334 1023 3387 2,
1047 3316 1100 3387 80,
1119 3333 1134 3375 2
1153 3316 1235 3392 (Plin.
1255 3334 1301 3392 ep.
1325 3314 1354 3387 6,

100 3431 144 3490 31,
169 3412 222 3486 12);
245 3415 343 3491 legem
366 3415 441 3475 ferre
464 3433 488 3488 2,
511 3432 557 3493 45,
582 3432 608 3487 1;
631 3426 730 3492 petere
748 3433 773 3487 2,
795 3433 855 3493 107,
878 3435 900 3476 1.
935 3417 981 3477 Cf.
1005 3419 1122 3478 Kuehn.
1141 3418 1253 3478 Livian.
1272 3417 1354 3493 Synt.

15 3557 17 3562 -
101 3536 129 3593 p.
150 3530 211 3591 ²27·

188 3618 270 3677 Raro
292 3620 336 3687 fit,
359 3628 391 3679 ut
413 3620 613 3697 conjunctivus
634 3620 755 3696 perfecti
778 3620 931 3679 verborum
954 3621 1165 3697 deponentium
1192 3629 1354 3695 usurpetur,

101 3720 127 3780 si
148 3721 179 3779 in
201 3721 321 3779 incerto.
335 3720 517 3798 relinquitur,
545 3722 615 3798 quid
642 3720 764 3799 scriptor
791 3722 828 3781 de
850 3740 881 3781 re
908 3723 1057 3781 narranda
1084 3723 1203 3792 sentiat,
1231 3722 1309 3781 velut
1333 3737 1354 3790 1,

103 3820 148 3892 18,
172 3837 202 3880 2:
231 3840 328 3899 neque
350 3840 408 3897 ego
429 3824 486 3881 hoc
512 3825 608 3900 magis
622 3808 757 3884 ⁸miratus
784 3825 847 3884 sim.
892 3823 959 3901 vid.
982 3825 1082 3884 Madv.
1106 3825 1143 3882 de
1165 3824 1248 3881 form.
1272 3840 1355 3899 quar.

101 3923 182 3982 verbi
204 3923 303 3983 Latini
325 3931 431 3984 natura
453 3934 484 3984 et
505 3943 560 3986 usu
582 3943 607 3985 2.
631 3946 660 4003 p.
683 3943 728 4000 24.
1088 3991 1091 3995 ,

192 4023 397 4101 Conjunctr'vus
417 4028 548 4105 perfecti
566 4045 635 4086 cum
658 4027 833 4105 imperfecto
856 4030 1027 4107 conjunctus
1053 4033 1151 4086 exstat
1174 4044 1195 4096 1,
1219 4043 1246 4101 9,
1272 4041 1297 4083 11
1324 4032 1357 4082 ut

103 4124 278 4202 plerumque
307 4131 439 4204 superior
466 4128 552 4188 fuerit
583 4147 785 4206 magnamque
810 4137 925 4206 partem
952 4129 1098 4189 Graeciae
1127 4127 1157 4186 in
1184 4128 1356 4186 societatem

104 4243 191 4284 suam
213 4226 393 4303 perduceret
437 4230 549 4289 Kritzio
576 4230 614 4290 de
636 4231 693 4290 hoc
715 4249 770 4290 usu
798 4232 957 4308 disputanti
984 4231 1140 4290 discrimen
1161 4230 1221 4287 tale
1244 4229 1357 4287 videtur

104 4344 184 4397 esse,
206 4337 239 4387 ut
261 4328 384 4407 perfecti
408 4333 610 4408 conjunctivus
629 4332 738 4410 judicio
761 4335 921 4410 scriptoris,
948 4333 1110 4409 imperfecti
1132 4331 1293 4390 narrationi
1314 4331 1358 4388 in·

107 4431 222 4490 serviat.
268 4431 313 4492 Cf.
336 4433 440 4493 Haase
462 4433 501 4492 ad
524 4433 649 4510 Reissig.
674 4433 808 4493 Gramm.
832 4435 897 4494 Lat.
917 4433 937 4511 ᾗ
960 4452 1014 4510 314
1031 4443 1091 4494 not.
1114 4432 1173 4507 480
1196 4451 1225 4507 p.
1247 4447 1313 4507 550.
