3106 5040
156 487 347 562 scriptoribus
370 487 556 563 frequentata
574 495 625 546 est.
666 486 711 546 Cf.
734 487 796 545 Liv.
819 502 844 562 7,
867 503 915 562 30,
941 503 985 560 14;
1010 496 1051 562 31,
1074 504 1120 561 24,
1145 505 1171 556 1;
1196 489 1271 547 Vell.
1289 504 1314 559 2,
1334 504 1358 564 7,
1378 488 1412 559 o;

155 605 181 660 2,
205 587 249 665 63,
275 605 300 647 1:
323 605 348 659 2,
373 603 430 663 123,
453 605 483 663 3;
508 588 575 647 Val.
598 588 678 648 Max.
702 588 730 660 ό,
753 605 779 664 3,
805 606 846 660 11;
870 587 996 665 poster).

252 690 396 749 Venerato
423 689 503 766 apud
533 692 660 766 optimos
687 690 842 767 scriptores
874 691 1045 768 plerumque
1073 690 1110 750 de
1138 690 1200 750 deis
1226 692 1343 767 ponitur
1364 687 1374 764 (
1393 692 1412 750 f.

154 803 258 853 tamen
276 792 337 852 Cic.
356 793 394 852 de
412 799 472 850 nat.
491 790 571 850 deor.
592 807 614 861 1,
636 805 674 866 17,
693 807 729 867 45
737 800 747 850 :v
767 793 856 850 habet
878 794 1096 852 venerationem
1119 792 1257 869 quicquid
1279 793 1411 869 excellit),

154 894 236 971 apud
259 894 433 970 posteriores
455 893 576 951 omnino
602 911 655 969 pro
682 895 851 963 reverentia,
879 895 998 963 honore,
1027 902 1059 952 ut
1086 893 1161 952 Vell.
1189 910 1218 964 2,
1246 911 1293 967 41,
1322 911 1352 970 31
1380 904 1412 953 ut

156 997 265 1072 pariter
280 996 320 1055 iis
342 992 460 1070 (piratis)
481 994 584 1053 terrori
605 989 844 1071 venerationique
866 991 955 1064 esset;
978 1010 1003 1064 2,
1027 1011 1072 1070 92,
1095 1011 1127 1069 4:
1150 998 1317 1072 praesentia
1339 997 1412 1054 invi·

158 1098 215 1163 dia,
239 1099 394 1172 praeterita
416 1079 605 1168 veneratione
626 1098 829 1172 prosequimur
846 1092 940 1171 (Plin.
953 1096 1051 1166 ambo,
1074 1096 1159 1168 Tac,
1183 1095 1282 1173 Cum).

248 1198 370 1256 Victoria
392 1217 432 1256 cx
458 1199 521 1272 alqo
544 1197 636 1256 rarius
659 1197 763 1255 dicitur
785 1215 838 1273 pro
855 1199 975 1255 vr'ctoria
998 1201 1030 1255 dc
1052 1199 1159 1272 alqoz,
1180 1213 1222 1269 10,
1246 1215 1275 1257 2:
1293 1199 1405 1257 Domiti

150 1317 190 1358 ex
213 1301 348 1359 Arvernis
371 1307 401 1359 et
422 1299 496 1358 Fabi
519 1317 556 1360 ex
573 1298 782 1374 Allobrogibus
804 1299 925 1358 victoria
948 1299 1000 1357 suit
1023 1299 1138 1359 nobilis.
1156 1330 1196 1341 —-
1224 1301 1316 1358 Victm
1338 1300 1405 1358 belli

151 1417 177 1476 2,
199 1415 242 1476 33,
265 1414 295 1469 21
319 1399 513 1459 certaminum
536 1416 561 1469 2,
584 1399 610 1470 8,
635 1416 659 1458 2.
696 1399 741 1458 cf.
765 1399 955 1475 Krebs·Allg.
978 1400 1132 1459 Antibarb.
1156 1400 1205 1460 ed.
1223 1401 1260 1459 V.
1282 1421 1310 1477 p.
1331 1417 1409 1460 1201.

247 1501 335 1576 Vigor
355 1519 376 1570 1,
398 1516 440 1571 10,
460 1517 490 1576 31
509 1502 592 1577 vigor
609 1501 807 1578 eloquentiam
826 1517 850 1571 2,
872 1501 912 1572 18,
931 1517 960 1578 5:
979 1504 1062 1576 vigor
1079 1502 1179 1577 ingeni
1198 1510 1289 1578 atque
1304 1503 1409 1571 animi;

151 1617 183 1671 2,
206 1619 258 1677 50,
282 1619 314 1676 4:
337 1604 420 1678 vigor
442 1603 609 1680 acssulgor3
633 1600 737 1678 2,'98,
760 1618 791 1679 31
823 1603 905 1678 vigor
927 1621 964 1662 ac
985 1604 1102 1674 lenitas;
1130 1619 1159 1674 2,
1184 1618 1240 1679 127,
1265 1620 1296 1679 31
1328 1601 1410 1679 vigor

152 1707 243 1765 animi
266 1701 367 1782 (Poet,
390 1705 461 1776 Liv,
484 1714 592 1782 poster.
614 1705 737 1764 Pluralis
760 1704 856 1764 forma
872 1713 969 1764 exstat
991 1705 1070 1781 apud
1093 1703 1274 1781 Vitruvium).

248 1808 377 1877 Violatm
405 1825 483 1884 quae
509 1825 565 1866 vox
587 1825 606 1866 a
628 1805 710 1864 Livio
737 1807 831 1883 primo
858 1815 1014 1883 usurpatur.
1032 1803 1091 1883 (29,
1114 1806 1212 1881 8,11;
1241 1822 1287 1881 31,
1312 1823 1356 1877 12,
1379 1803 1407 1883 3)
1514 1797 1518 1801 ’

150 1917 254 1968 exstat
275 1909 355 1985 apud
379 1909 523 1986 Vellejum
546 1924 575 1977 2,
600 1925 627 1977 1,
650 1890 694 1983 31
708 1908 837 1967 dicentes
864 1907 1013 1984 publicam
1040 1909 1228 1968 violationem
1254 1907 1321 1966 fidei
1348 1926 1409 1968 non

152 2010 261 2068 debere
283 2010 369 2069 unius
392 2010 432 2067 lui
450 2009 594 2084 sanguine
610 2006 686 2083 (Sen.
705 2001 757 2084 ep.
772 2025 835 2082 104,
854 2007 906 2084 28).
946 2008 1070 2067 Violator
1087 2009 1227 2085 reperitur
1245 2025 1269 2077 2,
1291 2026 1356 2080 100,
1375 2027 1409 2084 4:

153 2112 276 2171 violator
298 2113 360 2189 ejus
382 2105 487 2170 domus
512 2109 585 2179 101,
608 2110 681 2187 Liv,
702 2110 786 2179 Tac,
813 2109 894 2186 Hyg.
917 2109 1066 2180 fab.1oo;
1090 2109 1179 2185 Vulg.
1198 2111 1307 2189 Jodith.
1326 2127 1353 2187 9,
1377 2128 1408 2182 23

150 2213 257 2271 Ambr.
279 2213 329 2271 off.
355 2230 376 2282 1,
398 2226 446 2287 50,
469 2209 538 2286 257).

181 2370 184 2382 ,
245 2314 326 2372 Visus
353 2313 498 2391 objectivo
520 2331 607 2372 sensu
639 2311 744 2392 dicitur
766 2313 887 2372 omnino
914 2330 968 2388 pro
994 2315 1081 2388 specie
1103 2315 1121 2372 i.
1144 2332 1170 2373 e.
1192 2321 1253 2373 toto
1276 2317 1408 2391 corporis

152 2416 256 2474 habitu
274 2431 299 2484 2,
318 2432 366 2490 94,
385 2431 415 2489 31
438 2416 560 2492 visuque
578 2411 757 2490 praetulerat
773 2414 940 2490 principem.
952 2410 1024 2491 (Cic.
1041 2414 1079 2474 de
1096 2423 1158 2473 nat.
1176 2414 1257 2479 deor.
1277 2433 1299 2486 1,
1317 2433 1343 2491 3,
1362 2405 1408 2487 123

153 2516 215 2574 Liv.
238 2516 265 2586 8,
289 2533 316 2592 9,
341 2533 387 2585 10;
411 2517 486 2575 Tac.
505 2517 576 2591 Agr.
600 2512 657 2591 45).

245 2617 341 2674 Votum
377 2635 430 2692 pro
464 2619 619 2685 voluntate,
655 2622 746 2690 optato
781 2616 899 2691 ponitur
932 2617 995 2693 jam
1031 2635 1050 2675 a
1085 2615 1228 2677 Cicerone
1256 2614 1353 2690 (Verr.
1380 2635 1406 2695 3,

149 2735 197 2793 34,
213 2716 289 2791 ’142);
313 2718 548 2794 frequentissima
566 2717 640 2776 haec
657 2718 736 2776 vocis
754 2717 928 2792 significatio
950 2726 995 2777 est
1012 2717 1093 2793 apud
1107 2725 1218 2795 poetas
1235 2718 1407 2794 Augusteae

153 2821 258 2878 aetatis
281 2815 372 2896 (apud
394 2819 508 2877 Livium
530 2819 676 2884 invenitur
698 2834 742 2895 33,
766 2835 812 2895 42,
835 2815 861 2894 3)
883 2827 913 2878 01
935 2798 1055 2878 solutae
1072 2821 1213 2878 orationis
1235 2821 1315 2896 apud
1338 2823 1407 2880 scri·

152 2931 250 2998 ptores
268 2923 443 2998 posteriores
461 2920 609 2992 Tacitum,
630 2920 771 2992 Curtium,
794 2921 920 2980 Plinium
937 2922 1092 2990 minorem,
1111 2921 1291 2980 Suetonium.
1317 2922 1406 2998 Apud

154 3023 306 3100 Vellejum·
321 3023 464 3080 invenitur
487 3039 512 3092 2,
535 3039 577 3093 22,
601 3039 633 3096 4;
656 3039 681 3093 2,
704 3039 754 3096 40,
777 3038 807 3092 2;
831 3039 855 3093 2,
879 3021 926 3098 89,
949 3039 980 3091 2;
1002 3039 1028 3093 2,
1053 3038 1109 3098 123,
1134 3040 1156 3080 1.
1172 3054 1214 3064 -

234 3121 305 3180 Non
325 3122 423 3180 nullae
440 3123 509 3181 mihi
527 3125 607 3183 visae
624 3133 691 3183 sunt
710 3124 827 3200 dignae,
847 3143 924 3201 quae
942 3125 1112 3194 afferantur,
1135 3124 1248 3183 formae
1270 3124 1406 3184 substan·

150 3226 285 3293 tivorum,
308 3243 386 3300 quae
408 3231 460 3283 aut
481 3242 500 3282 a
521 3225 732 3283 consuetudine
754 3226 932 3301 optimorum
954 3227 1129 3302 scriptorum
1152 3225 1331 3285 abhorreant
1353 3236 1405 3286 aut

153 3327 232 3402 apud
255 3324 319 3383 illos
342 3326 488 3385 rarissime
510 3327 703 3384 inveniantur.

236 3429 422 3486 Accusotr’vus
444 3428 519 3503 sing.
542 3446 622 3485 num.
640 3429 755 3502 primae
777 3429 983 3485 declinationis.
995 3427 1025 3485 in
1044 3428 1210 3488 nominibus
1229 3431 1352 3508 propriis
1373 3433 1403 3490 in

149 3551 164 3586 e
186 3537 215 3588 et
237 3551 264 3587 es
286 3531 454 3589 exeuntium
476 3531 572 3589 finitur
594 3530 673 3605 apud
698 3530 842 3608 Vellejum
869 3531 899 3588 in
925 3551 972 3600 en,
996 3529 1086 3588 velut:
1113 3529 1227 3606 Cymen
1255 3550 1281 3602 1,
1309 3551 1341 3607 4,
1368 3549 1400 3606 4;

85 3653 88 3657 ·
150 3629 340 3689 Mithridaten
363 3646 387 3701 2,
410 3648 455 3704 24,
480 3649 491 3689 1
515 3629 724 3708 (Mithridatem
743 3647 768 3701 2,
791 3647 834 3706 23,
858 3630 894 3707 ό),
917 3629 1079 3708 Mytilenen
1099 3649 1120 3702 1,
1144 3649 1172 3706 4,
1196 3650 1228 3708 41
1251 3633 1403 3710 Tigranen

148 3747 174 3801 2,
198 3747 243 3806 33,
268 3746 294 3798 1;
318 3730 426 3791 Persen
451 3749 473 3803 1,
497 3750 534 3803 11,
560 3750 571 3792 1
594 3730 725 3810 (Persam
749 3750 770 3802 1,
794 3749 822 3808 9,
846 3728 889 3810 4);
912 3733 1095 3793 Artavesden
1117 3751 1143 3805 2,
1166 3734 1210 3805 82,
1236 3752 1264 3811 3.
1312 3804 1314 3807 ,

233 3832 377 3901 Formae.
386 3836 543 3891 accusator·
561 3834 716 3909 singularis
738 3835 837 3891 tertzire
858 3836 1067 3893 declinationib:
1089 3836 1236 3895 Alcmana
1260 3854 1282 3906 1,
1307 3835 1347 3906 18,
1371 3853 1402 3912 3;

146 3933 290 3994 Chalcida
315 3952 340 4002 1,
364 3950 395 4007 4,
421 3949 446 4002 1;
474 3933 648 4014 Colophona
672 3952 697 4005 1,
721 3952 754 4008 4,
771 3923 808 4009 ’3;
837 3934 915 3993 Dido
940 3953 965 4006 1,
994 3934 1027 4006 ό,
1054 3935 1153 4011 4(811.
1177 3939 1242 3997 ltal.
1265 3937 1298 4009 8,
1327 3936 1400 4015 231);

146 4034 300 4110 Myuntem
325 4051 347 4105 1,
369 4051 396 4108 4,
420 4051 447 4111 3.
1415 4060 1417 4064 ⁴

231 4135 358 4195 Formae
385 4138 516 4197 ablativi:
544 4139 629 4198 classi
651 4155 681 4212 2,
704 4152 753 4212 79,
777 4152 806 4194 2:
833 4138 928 4196 classe
950 4153 979 4209 2,
1004 4154 1053 4215 79,
1078 4156 1104 4209 1;
1131 4140 1168 4198 cs.
1191 4141 1333 4200 Kritzium
1361 4143 1420 4202 ad·

146 4237 226 4296 locos
248 4247 278 4297 et
299 4237 396 4310 Neue,
419 4226 627 4299 Formenlehre
650 4240 677 4298 d.
700 4240 815 4298 Latein.
838 4240 979 4316 Sprache,
1003 4257 1028 4299 2.
1052 4241 1128 4300 Aufl.
1151 4243 1173 4300 Ι.
1196 4260 1225 4317 p.
1247 4257 1311 4317 213;
1338 4244 1400 4319 igni

145 4351 171 4405 2,
196 4351 240 4412 74,
264 4356 296 4414 41
319 4343 388 4416 igne
410 4321 516 4416 4123,
540 4356 572 4413 4;
596 4340 632 4399 cf.
654 4340 738 4398 Neue
760 4339 784 4396 1.
808 4357 836 4414 p.
860 4355 924 4397 220.

233 4438 361 4500 Genrlr'vi
380 4443 493 4501 formae
515 4442 731 4502 insolentiores:
752 4441 847 4516 plebei
865 4457 890 4512 2,
912 4439 1123 4519 111,3(1011111
1146 4445 1284 4504 vetustior
1306 4462 1324 4503 a
1347 4464 1401 4504 no·
1515 4448 1517 4453 '
