3106 5040
674 277 879 336 -35-

616 513 619 520 ’
643 499 708 570 De
742 496 901 572 Verbis.

234 654 269 712 ln
287 671 342 712 usu
360 653 515 711 verborum
532 669 630 711 sermo
653 651 822 729 Vellejanus
844 655 882 711 ab
906 671 1021 723 aureae,
1040 671 1117 730 quae
1140 661 1268 724 vocatur,
1291 657 1398 715 aetatis

147 756 291 816 latinitate
308 756 338 812 in
356 773 393 813 eo
410 755 539 830 maxime
557 753 702 825 abhorret,
721 753 801 830 quod
817 755 866 814 ille
883 754 1028 831 permulta
1045 756 1134 823 verba
1152 757 1287 816 inusitate
1303 765 1402 817 trans·

149 858 226 926 tulit,
258 857 318 918 alia
346 857 506 933 eorumque
533 855 760 931 significationes
792 864 821 914 et
852 863 1011 916 structuras
1038 875 1056 915 a
1082 857 1277 932 superioribus
1304 861 1399 935 poetis

149 957 322 1035 desumpsit,
351 958 410 1017 alia
438 958 572 1017 absolute
598 959 694 1036 posuit
724 955 789 1034 (vid.
817 977 905 1035 supra
931 977 960 1034 p.
988 957 1021 1033 7).
1075 960 1110 1018 In
1136 961 1230 1019 verbis
1256 960 1399 1020 novandis

148 1060 389 1138 contraVellejus
406 1059 591 1135 parcissimus
609 1057 662 1118 suit
680 1067 769 1136 atque
786 1060 860 1119 haec
873 1059 936 1119 sola
954 1058 1065 1119 videtur
1077 1039 1187 1136 primus
1201 1062 1400 1140 usurpavisse:

237 1159 496 1238 di'rcumnaoigare
516 1153 585 1236 (e‘r'rr.
604 1154 722 1244 εἷρημ.)
738 1178 765 1231 2,
785 1166 849 1232 100,
866 1179 901 1247 ¹3:
923 1162 1032 1234 classis,
1051 1182 1127 1239 quae
1144 1161 1257 1222 Oceani
1275 1164 1401 1223 circum·

148 1264 337 1338 navigaverat
362 1264 443 1341 sinus
470 1261 659 1339 (Germanice
685 1262 787 1321 melius
814 1264 950 1324 vertimus
977 1264 1016 1334 ,in
1043 1262 1101 1323 den
1123 1263 1254 1324 Buchten
1281 1265 1400 1326 umber·

147 1365 297 1443 schiffeu‘).

230 1469 416 1543 Dripungere
437 1467 595 1536 insolenter
617 1466 719 1525 dicitur
742 1484 807 1542 pro:
831 1451 1007 1536 distribuere,
1026 1468 1211 1541 dz'str'nguere,
1230 1467 1280 1527 sed
1298 1469 1348 1538 ita,
1367 1477 1400 1527 ut

148 1569 186 1630 de
207 1571 294 1629 rebus
317 1587 412 1628 sermo
429 1570 488 1640 fiat,
507 1569 612 1644 quibus
631 1568 739 1645 aliquid
756 1568 956 1644 interponitur,
975 1568 1055 1645 quod
1078 1569 1152 1628 alius
1169 1570 1284 1644 generis
1306 1577 1352 1628 est
1369 1579 1400 1630 et
1501 1637 1504 1643 .

149 1690 208 1749 quo
230 1672 298 1730 illae
319 1689 365 1729 res
387 1671 534 1730 variantur
558 1687 579 1741 1,
604 1687 644 1745 13,
667 1686 697 1745 3:
717 1688 812 1747 neque
830 1672 908 1728 enim
926 1672 1082 1747 quisquam
1105 1671 1161 1730 hoc
1183 1671 1316 1747 Scipione
1338 1672 1399 1730 ele·

147 1774 264 1849 gantius
283 1773 434 1832 intervalla
452 1771 637 1847 negotiorum
656 1773 716 1832 otio
734 1771 880 1847 dispunxit
898 1768 924 1847 (i.
943 1791 969 1830 e.
988 1771 1139 1842 distribuit,
1159 1771 1296 1845 distinxit,
1314 1773 1400 1849 quasi

146 1874 315 1951 diligentem
342 1875 486 1933 rationein
512 1874 606 1933 iniens
636 1873 776 1932 horarum
801 1882 831 1931 et
858 1872 1015 1949 temporis).
1059 1873 1149 1932 Simili
1181 1880 1268 1932 sensu
1295 1872 1400 1933 Cicero
1442 1934 1444 1939 .

149 1977 247 2047 verbo,
271 1976 350 2058 quod
373 1984 417 2035 est
438 1976 655 2052 interpungere,
677 1976 767 2034 utitur
788 1984 861 2033 orat.
881 1972 922 2043 16,
945 1991 994 2050 53:
1018 1973 1153 2035 distincta
1170 1974 1243 2034 alios
1265 1985 1294 2034 et
1311 1977 1401 2035 inter·

148 2085 257 2152 puncta
275 2078 433 2147 intervalla,
453 2095 554 2137 morae
571 2076 834 2153 respirationesque
852 2076 1012 2145 delectant:
1027 2085 1056 2136 et
1074 2078 1111 2136 de
1129 2085 1203 2136 orat.
1221 2094 1246 2148 2,
1262 2077 1312 2147 80,
1332 2075 1400 2151 328:

146 2181 277 2238 narratio
295 2179 429 2239 distincta
446 2180 576 2256 personis
594 2189 623 2239 et
641 2180 826 2254 interpuncta
849 2179 1041 2238 sermonibus.
1078 2178 1265 2256 Dispungere
1283 2180 1401 2256 proprie

147 2290 190 2341 est
217 2289 327 2359 puncto
353 2289 457 2341 notare
483 2289 573 2358 atque
599 2281 666 2340 hinc
692 2297 861 2351 numerare,
888 2279 966 2338 velut
993 2281 1072 2357 apud
1093 2280 1160 2340 Sen.
1187 2282 1223 2340 de
1245 2282 1323 2340 brev.
1351 2283 1400 2340 vit

146 2398 172 2459 5,
200 2392 272 2458 7uet
295 2383 362 2441 inde
384 2384 413 2442 in
439 2383 605 2442 elocutione
633 2381 819 2458 ,dispungere
841 2381 996 2452 rationem,
1025 2383 1161 2442 rationes‘
1187 2383 1313 2442 eandem
1340 2384 1399 2441 vim

147 2483 243 2553 habet,
262 2503 353 2560 quarn
376 2486 553 2563 exanimare,
577 2485 652 2544 velut
674 2484 752 2561 apud
771 2484 833 2544 Col.
856 2501 882 2559 3,
901 2501 927 2560 3,
949 2502 977 2544 12
997 2493 1026 2544 et
1043 2486 1109 2545 Sen.
1128 2486 1165 2546 de
1181 2485 1249 2544 ben.
1269 2503 1296 2560 4,
1316 2500 1360 2560 32,
1378 2501 1400 2558 4

149 2593 178 2644 et
197 2587 267 2662 juris
291 2587 450 2645 consultos.
484 2667 487 2671 ⁸
777 2601 780 2604 ’

233 2686 413 2758 Exarmare,
436 2687 516 2763 quod
534 2689 652 2764 proprie
669 2687 813 2764 signifieat
829 2691 918 2748 armis
936 2688 1068 2765 spoliare,
1088 2705 1195 2747 exuere
1213 2687 1302 2764 alqm,
1321 2705 1400 2764 qnae

147 2788 320 2864 significatio
347 2789 459 2847 videtur
485 2800 601 2849 exstare
625 2788 704 2865 apud
730 2790 856 2866 primum
883 2790 1021 2850 Tacitum
1052 2787 1125 2866 (hist.
1155 2808 1176 2860 1,
1204 2789 1258 2866 31),
1292 2789 1399 2848 deinde

148 2890 227 2967 apud
240 2891 412 2950 Suetonium
430 2887 527 2966 [Dom.
546 2887 586 2966 15]
602 2888 673 2966 (Liv.
691 2907 719 2966 4,
739 2909 783 2964 10,
804 2906 833 2967 7:
853 2892 1036 2951 dearmatum
1055 2893 1214 2952 exercitum
1227 2893 1282 2951 sub
1294 2893 1399 2969 jugum

147 2990 285 3069 miserat),
308 2993 450 3053 translate
468 2994 584 3069 ponitur
601 3011 620 3051 a
639 2992 752 3071 Vellej'o
774 3012 828 3071 pro
845 3012 890 3063 e0,
913 2994 993 3070 quod
1011 2978 1055 3054 est
1071 2996 1227 3064 debilitare,
1246 2994 1400 3068 infirmare
1433 3030 1435 3033 -

147 3107 242 3177 2,‘17,
271 3111 296 3152 1:
328 3093 431 3153 Italico
451 3094 542 3165 bello,
574 3106 633 3171 quo
659 3095 778 3172 quidem
805 3096 932 3154 Romani
958 3097 1039 3154 victis
1070 3096 1242 3172 afflictisque
1267 3095 1321 3171 ipsi
1346 3113 1398 3153 ex·

147 3196 270 3278 armati,
298 3213 388 3271 quarn
415 3195 535 3279 integris
562 3196 701 3254 universis
731 3196 876 3255 civitatem
903 3197 974 3256 dare
995 3196 1161 3256 maluerunt
1191 3195 1271 3272 (Plin.
1297 3213 1346 3271 ep«
1369 3211 1397 3270 3,

147 3314 174 3373 9,
197 3312 248 3374 29;
271 3296 358 3366 Petr,
381 3295 468 3365 Flor,
492 3294 540 3355 sit
563 3296 637 3366 Ital,
661 3292 715 3370 al.).

232 3397 421 3456 Excalceare.
466 3397 562 3475 Hujus
580 3399 659 3456 verbi
678 3397 772 3458 forrna
794 3399 911 3475 passiva
929 3418 982 3476 pro
1004 3400 1103 3459 media
1120 3417 1173 3476 pro
1191 3417 1237 3470 eo,
1255 3389 1334 3476 quod
1353 3406 1398 3458 est

67 3529 72 3538 ·
147 3500 263 3560 calceos
285 3499 339 3558 sibi
363 3499 526 3563 detrahere.
545 3507 701 3576 usurpatur
718 3516 743 3571 2,
761 3517 806 3574 41,
825 3518 855 3576 3:
878 3503 919 3559 ita
936 3500 1015 3576 apud
1034 3519 1083 3560 eos
1100 3498 1229 3578 (piratas)
1246 3520 1278 3561 se
1296 3502 1396 3577 gessit,

148 3609 179 3659 ut
201 3619 297 3677 neque
320 3618 459 3676 umquam
482 3608 533 3659 aut
556 3601 602 3660 die
624 3611 676 3660 aut
693 3610 781 3662 nocte
802 3612 853 3661 aut
874 3603 1090 3661 excalcearetur
1112 3611 1163 3662 aut
1185 3603 1397 3679 discingeretur

147 3700 235 3775 (Suet.
249 3700 350 3759 Vetell.
359 3717 374 3758 2
384 3701 517 3775 (Rothius
527 3700 714 3780 excalciare);
725 3704 762 3763 de
771 3704 916 3764 cothurno
925 3706 1043 3780 ponitur
1051 3704 1119 3764 Se'n.
1129 3724 1175 3781 ep.
1185 3704 1211 3774 8,
1223 3704 1241 3762 8
1251 3715 1280 3763 et
1288 3705 1333 3780 76,
1344 3721 1395 3779 31;

112 3804 117 3811 ’
147 3803 249 3879 partic.
270 3801 342 3878 perf.
364 3821 441 3879 pass.
466 3811 561 3863 exstat
577 3805 655 3864 Suet.
675 3807 765 3882 Vesp.
784 3805 814 3874 8;
838 3805 926 3864 Mart.
947 3822 985 3877 12,
1003 3806 1046 3882 87.
1077 3807 1293 3882 Deponentium
1311 3824 1395 3865 more

144 3906 201 3963 hoc
218 3903 393 3963 vocabulum
416 3914 537 3982 usurpat
559 3914 588 3963 et
610 3924 678 3965 cum
700 3924 784 3982 pron.
807 3906 868 3985 rell.
891 3927 919 3964 se
941 3909 1091 3984 conjungit
1113 3908 1209 3967 Varro
1231 3908 1310 3983 apud
1332 3907 1396 3967 No·

145 4009 226 4065 nium
248 4005 315 4080 478,
340 4022 370 4080 13
378 4022 390 4063 z·
408 4023 498 4064 nemo
520 4025 552 4082 se
574 4009 768 4067 excalceatur.

229 4107 390 4167 Innuirire.
434 4108 601 4185 Innulrr'tus
627 4108 713 4167 alicui
739 4111 779 4169 rei
807 4110 922 4175 dicitur,
950 4112 999 4187 qui
1023 4112 1085 4189 jam
1107 4113 1201 4187 prima
1229 4130 1247 4186 a
1269 4113 1393 4187 pueritia
1424 4163 1428 4168 .

145 4210 325 4270 assuefactus
347 4216 391 4268 est
413 4209 564 4286 aliquare
586 4226 611 4280 2,
634 4212 682 4285 94,
705 4227 734 4270 2:
761 4212 834 4271 Tib.·
850 4212 990 4286 Claudius
1011 4211 1092 4270 Nero
1114 4213 1268 4272 innutritus
1295 4215 1394 4274 caele·

146 4312 231 4368 stium
253 4317 476 4387 praeceptorum
500 4309 656 4386 disciplinis
678 4309 753 4386 (Sen.
778 4313 815 4372 de
836 4315 879 4372 ira
903 4331 924 4383 1,
950 4331 986 4388 11,
1005 4329 1020 4371 2
1039 4314 1087 4390 (3);
1110 4314 1184 4373 Tac.
1204 4331 1272 4374 ann.
1292 4316 1320 4387 d,
1338 4316 1392 4390 483
1486 4317 1488 4320 ’

145 4410 216 4470 Plin.
239 4430 283 4488 ep.
306 4428 333 4488 9,
356 4428 401 4488 33,
426 4411 457 4482 6;
477 4431 545 4488 pan.
569 4411 616 4482 163
638 4413 717 4472 Suet.
741 4415 817 4490 Aug.
841 4433 871 4491 3;
895 4416 942 4475 Sil.
964 4415 1000 4474 lt.
1022 4431 1046 4485 2,
1069 4414 1142 4492 286).

485 4528 489 4534 ,
813 4536 816 4542 ,
1161 4519 1184 4572 3.
