3106 5040
707 295 909 354 „52³

276 462 375 520 Velare
397 463 539 522 translate
561 473 718 540 usurpatur
740 482 793 540 pro
816 485 923 523 ornare
945 481 973 537 2,
997 480 1041 541 71,
1060 482 1095 540 3:
1126 483 1194 524 cum
1221 483 1252 525 se
1273 465 1441 541 insignibus

181 563 330 623 honorum
348 563 486 633 velasset;
505 579 530 634 2,
545 563 589 635 82,
603 582 635 638 4:
654 583 765 626 corona
782 567 894 626 velatus
912 584 1004 626 aurea
1020 564 1130 642 (Verg.
1149 565 1214 637 Ov..
1232 566 1295 625 Liv.
1312 584 1333 638 1,
1349 583 1393 641 32,
1404 564 1439 624 6:

182 667 280 742 capite
301 665 397 724 velato
418 663 485 742 filo).

198 774 207 783 ’“
277 766 377 825 Videor
404 783 470 843 pro:
502 769 578 826 miln'
600 770 696 827 vriieor
721 786 745 839 1,
771 785 816 842 14,
842 785 867 828 1:
899 768 967 827 huic
993 770 1034 828 rei
1061 769 1208 828 civitatem
1238 775 1438 843 propagatam

184 870 363 944 auctumque
385 867 555 926 Romanum
577 887 687 928 nomen
709 870 870 930 subtexturi
889 863 1031 930 videmur.
1072 871 1166 937 *Hanc
1193 869 1371 928 locutionem
1399 886 1438 926 ne

184 968 357 1028 Ciceronem
380 968 498 1044 quidem
517 970 686 1045 repudiasse
705 971 792 1029 docet
809 971 950 1048 Allgayer
971 973 1000 1030 in
1019 972 1136 1031 Krebsii
1155 970 1309 1030 Antibarb.
1332 969 1379 1027 ed.
1401 969 1440 1026 V.

184 1089 214 1148 p.
239 1085 309 1144 ¹²03
332 1065 416 1145 (falso
438 1062 543 1143 iegitur
566 1070 641 1129 Vell.
664 1087 694 1144 2,
720 1089 767 1145 14,
792 1070 823 1148 1).

276 1172 374 1230 Viam
399 1189 453 1247 pro
476 1175 507 1230 in
530 1190 578 1231 ore
600 1176 725 1232 omnium
751 1169 916 1250 (hommum)
937 1194 994 1232 esse
1022 1189 1052 1243 2,
1076 1172 1134 1242 66,
1152 1188 1182 1248 5:
1214 1173 1282 1230 vivit
1303 1173 1440 1247 vivetque

186 1270 310 1350 (Cicero)
336 1291 389 1350 per
415 1265 539 1332 omnem
561 1274 726 1333 seculorum
748 1276 923 1335 memoriam
947 1274 1015 1348 (Cic.
1041 1276 1122 1335 Lael.
1145 1289 1192 1350 27,
1218 1289 1283 1343 1023
1310 1273 1377 1331 Seu.
1401 1272 1440 1331 de

184 1374 282 1434 benef.
305 1391 331 1450 5,
354 1390 380 1450 5,
404 1391 433 1444 2;
456 1375 529 1433 Ρ1111.
553 1394 598 1451 ep.
622 1392 646 1445 2,
673 1393 694 1445 1,
720 1372 766 1453 11).
790 1371 829 1420 -ss
1294 1375 1297 1380 ’

271 1475 339 1535 Non
358 1477 438 1534 nulla
466 1476 546 1552 apud
569 1477 714 1554 Vellejum
741 1479 926 1536 inveniuntur
949 1479 1061 1537 formae
1083 1479 1239 1537 verborum
1261 1477 1357 1537 minus
1379 1477 1440 1552 usi·

181 1586 271 1650 tatae,
294 1595 420 1654 quarum
443 1579 498 1637 has
518 1579 705 1639 annotandas
727 1581 838 1657 putavi:

267 1669 442 1739 assenserim
462 1696 483 1750 1,
503 1694 527 1755 7,
547 1696 576 1752 2;
596 1684 630 1742 ci
650 1681 736 1742 Neue
753 1683 793 1741 11.
811 1702 840 1759 p.
859 1696 924 1757 270.
937 1689 1123 1740 -extentus
1143 1698 1164 1751 1,
1185 1698 1223 1750 11,
1244 1681 1275 1749 63
1294 1696 1319 1748 2,
1340 1693 1388 1754 70,
1407 1695 1440 1747 23

182 1779 220 1840 cl.
242 1778 326 1841 Neue
348 1780 387 1839 II.
415 1799 443 1856 p.
466 1777 531 1856 576.
565 1813 604 1866 ῥ-
636 1785 784 1843 immixtus
809 1802 834 1854 1,
858 1799 887 1854 2,
914 1800 924 1841 1
952 1780 1073 1857 (veteres
1104 1782 1230 1842 editores
1256 1781 1440 1856 scripserunt

185 1880 354 1959 immistus);
377 1883 414 1941 cl.
431 1882 516 1942 Neue
537 1884 577 1943 11.
600 1903 629 1960 p.
653 1884 720 1960 556.
743 1917 783 1928 -
807 1886 918 1962 nequiit
939 1901 964 1955 2,
987 1883 1034 1955 68,
1058 1900 1085 1953 2;
1110 1883 1146 1942 cl.
1163 1881 1247 1941 Neue
1269 1882 1308 1939 Il.
1327 1901 1356 1956 p.
1374 1897 1437 1955 522.

182 2015 222 2028 -
246 1981 429 2060 nequiverint
453 2001 474 2055 1,
495 1985 537 2056 16,
557 2001 587 2061 5;
610 1987 648 2045 cf.
667 1986 751 2047 Neue
769 1987 808 2046 11.
832 2006 859 2064 p.
879 1985 942 2062 526.
966 2019 1006 2030 -
1029 1992 1116 2044 norat
1134 2001 1159 2056 2,
1175 1983 1224 2058 46,
1244 1999 1272 2054 2;
1296 1984 1332 2042 ci.
1349 1981 1439 2041 Neue
1536 2060 1542 2067 ί

181 2087 221 2145 11.
244 2104 272 2162 p.
298 2101 363 2160 552.
391 2117 431 2128 -
461 2095 560 2145 nosset
581 2104 606 2156 2,
634 2103 680 2163 45,
709 2104 733 2157 1;
757 2088 793 2147 cl.
820 2087 904 2147 Neue
921 2088 960 2147 ΙΙ.
982 2107 1011 2165 p.
1029 2102 1091 2162 552.
1120 2119 1160 2130 -
1187 2085 1332 2162 pariturus
1359 2084 1439 2143 foret

179 2186 208 2264 (a
226 2187 326 2262 pareo)
344 2203 368 2258 2,
387 2202 438 2262 90,
457 2205 474 2261 5
481 2204 488 2257 ;
512 2188 548 2246 cf.
570 2186 654 2247 Neue
673 2190 711 2247 ΙΙ.
735 2207 763 2264 p.
781 2188 848 2263 586.
864 2220 903 2230 -
919 2183 1051 2247 reversus
1071 2204 1096 2257 2,
1115 2204 1160 2262 42,
1179 2203 1210 2262 5;
1234 2187 1271 2246 cf.
1293 2185 1376 2244 Neue
1395 2186 1437 2242 11.

180 2308 209 2366 p.
232 2288 305 2363 546;
327 2296 428 2372 tamen
451 2291 568 2348 revertit
586 2288 662 2348 Vell.
686 2306 710 2360 2,
734 2306 783 2363 40,
807 2306 836 2358 2;
860 2306 884 2360 2,
907 2304 955 2364 5ο,
980 2306 1001 2347 1.
1039 2285 1141 2360 Quare
1163 2289 1294 2347 Haasius
1312 2294 1342 2346 et
1360 2287 1437 2346 Hal·

180 2379 255 2448 mius
278 2390 563 2464 legunt·‚revectns‘.
578 2421 618 2433 -
636 2391 733 2450 serviit
757 2407 779 2460 1,
803 2406 844 2464 15,
867 2406 897 2465 5;
921 2390 958 2449 ci.
981 2389 1066 2448 Neue
1087 2391 1126 2448 Il.
1150 2409 1178 2466 p.
1200 2406 1261 2466 522.
1285 2421 1324 2432 -
1348 2389 1439 2463 sopiit

181 2507 206 2561 2,
231 2506 287 2566 125,
306 2479 343 2566 ’5;
367 2491 406 2549 cf.
426 2491 510 2551 Neue
532 2492 570 2550 11.
594 2512 622 2570 p.
646 2491 710 2550 622.
754 2492 820 2551 Alia
842 2491 956 2550 similia.

267 2593 373 2651 Rarius
395 2594 435 2661 fit,
459 2594 563 2653 saltem
586 2594 665 2671 apud
687 2594 822 2653 meliores
844 2594 959 2652 solutae
981 2592 1120 2652 orationis
1142 2592 1306 2667 scriptores,
1329 2610 1436 2667 quam·

181 2713 272 2772 quam
291 2696 330 2753 ab
352 2694 408 2753 hoc
431 2713 486 2753 usu
509 2713 556 2754 ne.
569 2695 673 2754 Cicero
695 2696 814 2771 quidem
836 2695 923 2771 plane
941 2695 1054 2753 alienus
1072 2701 1124 2762 est,
1148 2700 1180 2750 ut
1198 2700 1332 2767 tempora
1349 2703 1438 2768 prae-

179 2795 266 2853 terita
293 2812 345 2870 per
362 2795 435 2872 sui,
455 2796 583 2873 sueram
610 2814 678 2854 cum
705 2796 857 2871 participio
884 2794 972 2852 futuri
999 2794 1084 2854 activi
1112 2801 1163 2851 aut
1185 2793 1304 2868 perfecti
1327 2795 1437 2868 passivi

183 2896 341 2972 conjuncta
363 2896 521 2969 fingantur.
566 2894 612 2954 Cf.
635 2896 781 2971 Draeger,
801 2896 874 2954 nist.
897 2896 978 2971 Synt.
1001 2896 1039 2954 ΙΙ.
1062 2892 1082 2970 ξ
1106 2911 1218 2970 1544).
1242 2911 1301 2970 252.
1344 2897 1436 2972 Apud

181 2996 327 3072 Vellejum
358 2995 432 3054 tales
460 2996 570 3055 formas
596 2998 705 3067 inveni,
733 2997 811 3055 velut
833 2997 966 3056 fabricati
993 2996 1110 3056 fuerunt
1136 3011 1166 3066 2,
1188 3010 1236 3071 27,
1259 3012 1291 3070 4;
1319 2999 1436 3073 passuri

181 3097 335 3157 fuissemus
349 3112 374 3168 2,
392 3113 452 3172 125,
473 3113 498 3167 1;
517 3105 733 3175 temperaturus
750 3099 833 3158 luerit
846 3114 871 3170 2,
887 3097 930 3174 85,
946 3097 975 3156 6.
986 3128 1025 3140 -
1040 3099 1167 3157 Formae
1176 3098 1296 3174 perfecti
1311 3116 1388 3174 pass.
1403 3107 1436 3157 et

181 3189 269 3258 lutur.
288 3207 346 3258 act.
360 3207 390 3258 et
407 3201 521 3276 passiv.,
540 3201 646 3276 quibus
660 3201 753 3260 forem
763 3224 804 3248 --
814 3218 909 3259 essem
922 3199 1034 3269 dicitur,
1051 3208 1169 3259 exstant
1183 3201 1251 3258 hae:
1271 3201 1435 3259 admissum

182 3298 257 3359 foret
280 3316 311 3370 2,
335 3300 365 3372 8,
391 3302 632 3371 1;·arcessendus
655 3302 780 3374 forata,
806 3319 867 3378 125,
891 3319 921 3373 2;
949 3301 1158 3361 commissurus
1181 3300 1256 3359 soret
1277 3317 1305 3371 2,
1329 3316 1372 3377 57,
1398 3319 1452 3376 4;’

179 3400 422 3478 consequendum
445 3403 520 3461 soret
542 3419 570 3473 2,
596 3403 658 3474 128,
682 3417 713 3479 5;
736 3404 877 3464 deserturi
900 3405 994 3462 forent
1016 3420 1046 3473 2,
1070 3416 1116 3477 55,
1139 3417 1169 3475 3;
1192 3401 1314 3478 dispersi
1336 3403 1436 3463 forent

81 3487 85 3497 ’
180 3518 209 3572 2,
233 3517 277 3566 21,
303 3498 487 3572 1;'eundum
514 3503 590 3563 foret
617 3520 646 3574 2,
674 3520 704 3580 5,
732 3521 764 3579 5;
793 3506 884 3564 eversi
912 3506 1007 3563 forent
1033 3519 1062 3573 2,
1088 3517 1146 3577 115,
1170 3517 1202 3575 4;
1229 3503 1434 3562 excedendum

180 3602 255 3661 foret
277 3620 302 3673 2,
322 3601 368 3673 68,
387 3619 418 3679 5;
441 3605 560 3679 parituri
584 3605 681 3664 forent
702 3622 727 3676 2,
747 3623 797 3682 90,
816 3622 842 3680 5.
879 3605 924 3664 Cf.
943 3605 1067 3680 Zumptii
1086 3603 1221 3663 Gramm.
1244 3603 1309 3663 Lat.
1332 3602 1435 3680 §156

167 3723 208 3781 ·p.
233 3720 284 3778 124
305 3701 360 3781 (ed.
383 3703 485 3780 XlIl.).

643 4028 707 4099 De
744 4025 969 4100 Adverbiis.

220 4182 240 4252 f
267 4193 322 4254 His
346 4195 489 4256 adverbiis
513 4198 642 4277 Vellejus
665 4199 775 4273 primus
797 4198 908 4256 videtur
931 4216 1000 4257 usus
1022 4217 1099 4259 esse:
1208 4223 1212 4230 ·

266 4297 404 4375 Difficile
421 4317 474 4373 pro
492 4316 536 4370 e0,
556 4301 635 4376 quod
649 4309 693 4359 est
707 4300 785 4376 apud
795 4298 968 4358 Ciceronem
986 4300 1147 4370 difficiliter,
1167 4299 1247 4375 apud
1258 4299 1433 4368 Varronem,

180 4394 351 4481 Caesarem,
372 4398 549 4471 Sallustium,
574 4402 696 4473 Livium,
720 4401 759 4461 al.
775 4399 930 4492 'difficulter
950 4400 1052 4458 dicitur
1069 4416 1094 4470 2,
1113 4399 1160 4474 65,
1182 4416 1211 4474 3:
1234 4399 1360 4486 Plancus
1379 4400 1434 4458 sibi
