3106 5040
675 261 880 305 -τιο-

151 435 260 495 cabulo
282 434 463 512 adjungitur,
491 433 570 493 velut
597 449 668 491 ann.
691 447 719 501 2,
743 447 791 506 55:
818 433 987 493 exercitium
1020 432 1165 508 equitum;
1193 446 1226 504 3,
1249 446 1299 504 33:
1327 446 1417 497 exer,-

151 538 252 596 citium
275 537 438 599 cohortium
460 533 555 610 (Geli,
579 532 702 610 Veget).
1395 594 1401 602 ¹

195 638 198 643 ’
237 639 402 700 Exseceter
432 654 501 696 eum
532 636 691 712 significat,
721 634 771 710 qui
803 633 913 711 aliquid
944 637 1113 710 exsequitur
1139 635 1157 692 i.
1183 651 1210 692 e.
1235 634 1358 708 perficit
1386 649 1413 703 2,

151 755 196 814 45,
217 757 242 798 1:
261 739 293 797 P.
312 738 432 797 Clodius
450 736 596 796 malorum
614 737 831 813 propositorum
850 745 1003 797 exsecutor
1025 736 1193 796 acerrimus.
1226 734 1315 811 Apud
1335 735 1412 812 juris

152 840 302 901 consultos
325 841 442 916 ponitur
464 858 516 914 pro
539 841 716 914 apparitore,
744 822 890 906 exactore,
917 854 994 913 quae
1022 838 1195 912 significatio
1216 837 1246 897 in
1273 836 1412 911 linguam

151 942 361 1002 Germanicam
392 940 608 1015 transmigravit
634 932 840 1015 (,Executor‘).
884 939 972 1014 Apud
998 938 1169 998 Suetonium
1196 936 1322 1001 eandem
1349 937 1412 995 vim

149 1045 251 1114 habet,
274 1060 364 1120 quam
381 1044 511 1117 punitor,
531 1042 617 1111 ultor,
636 1048 669 1099 111
686 1040 775 1115 Vesp.
794 1056 841 1112 14:
859 1039 1037 1098 offensarum
1057 1040 1333 1114 inimicitiarumque
1353 1039 1413 1101 mi·

150 1147 230 1204 nime
252 1160 366 1208 memor
387 1151 572 1210 executorve.
1230 1203 1233 1206 ,

234 1246 394 1304 Intellectus
420 1263 474 1320 pro
501 1233 690 1319 enreth'enna
712 1252 743 1303 et
768 1247 925 1320 cognitione
947 1245 964 1302 i.
992 1262 1017 1303 e.
1040 1245 1151 1318 perrte'a
1178 1245 1208 1300 in
1236 1242 1321 1326 rebus
1344 1249 1411 1309 arte

143 1349 241 1427 sectas
263 1345 450 1424 (Germanice
472 1347 609 1404 vertimus
633 1344 850 1420 ,Geschmack‘l
870 1345 975 1405 dicitur
997 1363 1016 1416 1,
1042 1361 1082 1419 13,
1105 1360 1136 1419 5:
1163 1343 1259 1418 magis
1281 1360 1336 1416 pro
1358 1361 1409 1402 re·

152 1448 269 1524 publica
300 1448 354 1509 fuit
384 1465 505 1505 manere
532 1446 630 1513 adhuc
657 1445 760 1505 rudem
787 1445 1005 1506 Corinthiorum
1032 1446 1224 1528 intellectum,
1256 1442 1349 1521 quam
1368 1445 1411 1502 in

150 1556 265 1611 tantum
292 1566 329 1608 ea
358 1548 488 1622 intelligi.
516 1546 722 1618 'Posteriores
746 1556 778 1606 ut
799 1548 866 1608 Sen.
889 1549 967 1624 phil,
990 1547 1063 1607 Plin.
1086 1549 1168 1625 maj.,
1192 1545 1308 1617 Quint,
1331 1545 1409 1607 Tac.

48 1657 51 1663 '
151 1649 228 1708 hanc
251 1667 354 1709 vocem
378 1667 432 1708 usu
450 1659 624 1725 receperunt
645 1658 675 1708 et
696 1667 750 1725 pro
773 1649 964 1724 htelligentia
991 1649 1161 1726 saepissime
1183 1657 1411 1722 usurpaverunt.

235 1751 423 1825 Interempter
453 1769 508 1826 pro
530 1751 638 1810 usitato
664 1751 808 1810 vocabulo
834 1752 1042 1828 interfectoris,
1065 1749 1144 1825 quod
1172 1749 1305 1811 invenies.
1324 1749 1407 1824 apud

152 1853 295 1930 Vellejum
313 1869 338 1922 2,
358 1851 403 1926 58,
425 1867 455 1926 33
479 1868 504 1923 2,
527 1851 572 1928 87,
595 1845 621 1926 3,
644 1853 760 1928 ponitur
782 1869 806 1922 2,
832 1868 895 1927 129,
921 1870 946 1911 r:
968 1871 1027 1928 qua
1049 1851 1205 1928 prudentia
1226 1848 1408 1925 Rhascupo-

150 1955 209 2025 lim,
229 1955 468 2028 interemptorem
487 1953 583 2015 fratris
601 1954 654 2023 sui,
669 1955 801 2015 evocavit
817 1953 855 2029 (V
857 1954 894 2013 al.
908 1952 989 2018 Max,
1006 1952 1034 2024 6,
1054 1970 1077 2021 1,
1095 1968 1124 2022 2;
1143 1952 1210 2012 Sen.
1228 1970 1273 2028 ep.
1291 1963 1339 2026 70,
1356 1967 1405 2024 14;

147 2055 240 2115 ¹Treb.
267 2055 340 2114 Poll.
359 2056 431 2130 trig.
458 2065 511 2131 tyr.
534 2055 561 2126 8,
584 2069 613 2131 7;
644 2055 783 2115 Prudent.
810 2056 887 2119 cath.
917 2073 955 2127 ra,
988 2072 1050 2129 114;
1082 2058 1207 2130 August.
1238 2055 1268 2112 in
1298 2068 1406 2128 evang.

151 2158 256 2235 Joann.
279 2165 364 2216 tract.
388 2170 433 2232 79,
455 2155 490 2231 2)
534 2155 618 2227 Quos
640 2157 722 2216 locos
744 2156 837 2216 addas
860 2157 959 2217 lexicis
981 2157 1103 2242 Latinis.

235 2246 359 2317 Mereor
377 2258 520 2318 translate
538 2257 641 2317 dicitur
659 2276 712 2334 pro
730 2260 860 2333 ignavie,
878 2261 1002 2333 segnr'tr'e
1019 2255 1105 2333 (hanc
1123 2275 1226 2320 vocem
1244 2256 1282 2317 de
1298 2257 1406 2321 eodem

152 2360 242 2429 Varo,
266 2359 303 2417 de
322 2377 381 2436 quo
403 2360 451 2418 hic
472 2376 569 2419 sermo
587 2361 628 2429 fit,
651 2359 787 2418 invenies.
802 2373 827 2429 2,
852 2357 909 2429 118,
931 2357 958 2436 2)
978 2375 1004 2430 2,
1029 2376 1086 2435 119,
1109 2375 1138 2420 2:
1161 2359 1313 2421 exercitus.
1326 2370 1406 2421 mar·

150 2477 218 2519 core
241 2460 332 2531 ducis,
355 2461 478 2537 perfidia
499 2460 599 2531 hostie,
623 2461 777 2536 iniquitate
800 2460 936 2520 fortunae
958 2462 1180 2522 circumventus.
1224 2460 1346 2537 Propria
1368 2462 1408 2521 si-

150 2563 338 2635 gnificatione
369 2563 444 2625 haec
471 2580 527 2624 vox
558 2563 675 2638 ponitur
702 2581 756 2639 pro
782 2565 939 2638 languore,
968 2571 1062 2639 tepore
1089 2563 1168 2639 apud
1195 2562 1272 2624 Cels.
1299 2580 1331 2639 3,
1353 2579 1406 2634 20;

149 2662 216 2720 Sen.
235 2672 349 2738 quaest.
369 2672 429 2722 nat.
449 2680 476 2737 3,
498 2679 542 2739 27,
560 2679 589 2738 5;
613 2663 684 2723 Stat.
706 2663 802 2722 Theb.
826 2680 869 2734 10,
893 2664 951 2741 269
968 2663 1068 2740 (turpis
1086 2682 1202 2727 marcor
1223 2682 1277 2740 pro
1299 2682 1406 2745 somno

136 2753 261 2839 1111111).
314 2765 401 2840 Apud
428 2764 502 2827 Plin.
523 2765 551 2823 h.
575 2783 604 2822 n.
631 2780 678 2835 22,
706 2780 739 2823 22
767 2760 839 2841 (46),
868 2782 907 2840 94
934 2766 1062 2845 eandem
1089 2766 1147 2823 vim
1175 2785 1289 2828 mercer
1315 2765 1406 2823 habet

142 2858 238 2943 ¹quam
263 2867 396 2942 putredo.
440 2865 576 2926 Similiter
606 2866 737 2943 Vellejus
763 2867 853 2926 verbo
883 2868 1032 2926 mercandi
1055 2868 1144 2929 utitur
1166 2882 1195 2938 2,
1225 2867 1278 2943 84,
1301 2883 1331 2926 2:
1365 2869 1406 2925 vi·

146 2967 238 3043 gebat
269 2968 298 3024 in
326 2967 382 3024 hac
413 2974 498 3043 parte
525 2967 609 3028 miles
640 2975 730 3043 atque
756 2968 928 3051 imperator,
960 2969 989 3027 in
1021 2969 1071 3029 illa
1102 2972 1274 3030 marcebant
1304 2969 1404 3028 omnia

145 3066 220 3143 (On,
239 3068 318 3144 Lim).
1239 3065 1242 3070 ’

232 3171 368 3233 Patrete'e
390 3190 443 3248 pro
459 3172 631 3252 perfectione
657 3182 813 3251 usurpatur
831 3190 856 3244 2,
875 3173 922 3250 98,
941 3191 970 3233 2:
994 3183 1098 3251 gentes
1120 3173 1314 3233 ferocissimas
1336 3171 1401 3242 plu·

145 3273 220 3330 rimo
244 3290 312 3331 cum
335 3275 448 3334 excidio
469 3275 498 3333 in
521 3275 673 3350 pristinum
702 3277 784 3352 pacis
806 3276 919 3351 redegit
946 3276 1068 3336 modum
1094 3276 1214 3349 ejusque
1237 3266 1400 3346 (11111891-

146 3375 271 3432 tratione
293 3376 382 3434 Asiae
408 3377 595 3435 securitatem
623 3378 757 3439 reddidit.
802 3377 858 3436 Pro
885 3378 1029 3439 concubitu
1052 3373 1167 3450 ponitur
1193 3371 1250 3429 hoc
1271 3372 1401 3428 vocabu-

145 3475 206 3532 lum
229 3475 309 3550 apud
326 3476 441 3534 Theod.
460 3477 548 3560 Prisc.
567 3494 592 3546 2,
613 3496 640 3537 11
663 3481 793 3557 itemque
812 3478 941 3536 obsceno
959 3492 1046 3536 sensu
1069 3472 1147 3548 apud
1170 3479 1298 3533 veterem
1316 3473 1401 3532 scho-

146 3575 263 3635 liastam
286 3577 324 3635 ad
346 3578 426 3636 Pers.
451 3595 478 3648 1,
503 3577 535 3636 18
556 3581 687 3652 patratae
713 3587 757 3637 est
784 3578 825 3637 rei
848 3578 1001 3635 Venereae
1015 3574 1169 3651 perfectio
1196 3575 1240 3635 vel
1264 3593 1400 3634 consum-

146 3678 245 3748 matio,
269 3677 347 3736 unde
370 3687 400 3738 et
422 3686 521 3754 patres
543 3678 612 3738 dicti
635 3698 679 3749 eo,
703 3679 782 3755 quod
804 3678 969 3754 patratione
991 3676 1064 3736 filios
1086 3686 1251 3752 procreant.

236 3779 393 3838 Praedatz'e
416 3788 516 3841 actum
538 3780 700 3855 praedandi
724 3779 869 3854 significat
882 3794 907 3848 2,
930 3793 973 3852 73,
998 3795 1023 3853 3:
1051 3779 1211 3840 latrociniis
1230 3789 1259 3840 et
1276 3779 1408 3858 praeda·-

146 3880 274 3938 tionibus
295 3880 432 3940 infestato
454 3882 528 3939 mari
550 3879 632 3956 (Tac.
655 3899 724 3939 ann.
743 3896 769 3954 3,
793 3895 843 3955 74;
869 3896 907 3949 12,
930 3895 979 3955 29;
1004 3878 1109 3959 Lact.).

232 3981 434 4056 Praeparetur
460 4000 515 4058 pro
531 3983 756 4054 praeparatione
778 3990 873 4041 exstat
894 3997 924 4052 2,
949 3982 998 4057 76,
1021 4000 1051 4058 3:
1083 3991 1276 4060 praeparatus
1298 3992 1400 4043 contra

145 4100 214 4142 eum
242 4082 378 4144 Caesaris
405 4084 507 4143 habuit
533 4081 602 4140 belli
629 4090 755 4152 metum;
787 4083 890 4143 Haase
917 4095 947 4143 et
973 4085 1065 4145 Halm
1092 4086 1206 4161 legunt:
1239 4093 1399 4162 apparatus

144 4178 230 4258 (Gell.
255 4200 298 4254 10,
323 4202 360 4254 11,
384 4183 420 4262 7).

230 4283 387 4363 Profectus
407 4303 461 4364 pro
482 4296 658 4360 progressu,
680 4296 817 4360 processu
840 4290 919 4365 apud
942 4290 1085 4366 Vellejum
1109 4288 1234 4363 primum
1257 4288 1400 4346 invenitur

146 4400 173 4453 1,
198 4383 244 4452 16,
267 4400 298 4442 21
320 4385 360 4444 ita
382 4387 505 4461 capacia
527 4386 645 4460 ingenia
668 4388 697 4446 in
721 4390 906 4450 similitudine
924 4399 953 4450 et
975 4398 1141 4465 temporum
1164 4397 1193 4447 et
1214 4388 1399 4463 profectuum
