3106 5040
679 259 867 342 -.3··'

147 462 272 538 majores
300 460 374 518 vires
402 456 581 524 desiderare,
609 473 701 531 quam
727 461 816 513 meae'
839 462 950 524 essent,
982 451 1048 512 ideo
1075 459 1177 511 tamen
1202 454 1316 529 suscepi
1343 454 1403 512 hoc¹

146 579 232 637 opus,
261 556 341 636 quod
368 541 467 634 aliqua
496 575 532 615 ex
559 563 643 633 parte
669 572 718 614 me
744 556 916 615 effecturum
942 573 1008 615 esse
1034 555 1204 630 sperabam,
1236 560 1268 612 ut
1295 553 1399 613 melius

146 668 387 737 cognosceretur,
414 658 509 736 qualis
530 664 608 718 esset
629 657 755 717 elocutio
778 657 945 734 Vellejana,
974 657 1011 715 de
1033 674 1092 733 qua
1114 657 1275 715 sententiae
1298 655 1400 714 docto·

147 782 212 822 rum
235 765 361 821 virorum
384 769 448 820 tam·
469 759 599 819 diversae
626 767 694 816 sunt
715 766 746 817 et
767 757 842 816 inter
868 776 900 817 se
923 758 1129 834 discrepantes.
1174 754 1232 816 Sed
1259 757 1399 834 quoniam

146 865 296 923 Ciceronis
318 871 347 922 et
369 861 506 921 Caesaris
529 860 635 936 scripta
662 860 746 936 quasi
760 858 905 941 *exempla
933 877 1023 935 purae
1045 868 1075 918 et
1096 853 1282 935 incorruptae
1305 860 1401 918 latini·

146 966 215 1024 tatis
238 965 396 1033 habentur,
427 978 507 1022 eam·
521 977 678 1039 sequemur
705 962 862 1031 rat-ionem,
891 969 923 1019 ut
948 959 1088 1036 primunr,
1116 960 1222 1036 quibus
1245 960 1407 1038 Vellejana

147 1067 274 1126 elocutio
297 1066 336 1125 ab
358 1065 507 1140 utriusque
531 1061 645 1121 dicendi
668 1063 880 1122 consuetudine
897 1063 1063 1143 abhorreat,
1086 1080 1269 1138 exponamus
1292 1063 1344 1132 ita,
1367 1068 1400 1120 ut

148 1185 224 1243 quae
247 1166 391 1229 vocabula
414 1183 490 1224 nova
514 1164 626 1232 fecerit,
655 1163 759 1238 quibus
782 1181 889 1222 novam
917 1165 974 1222 vim
1001 1164 1185 1239 imposuerit,
1213 1182 1289 1240 quae
1312 1182 1330 1221 a
1352 1181 1400 1222 su·

148 1269 308 1345 perioribus
331 1267 424 1343 poetis
447 1265 653 1340 desumpserit,
682 1282 760 1339 quae
781 1264 861 1339 apud
882 1254 1046 1342 superiores
1071 1265 1225 1340 scriptores
1248 1265 1278 1322 in
1300 1265 1399 1341 primis

148 1370 228 1446 apud
250 1369 419 1428 Sallustium
442 1375 472 1426 et
489 1368 604 1425 Livium
627 1368 719 1425 rarius
737 1365 929 1435 inveniantur,
952 1384 1227 1436 commemoremus,
1250 1376 1400 1442 postremo

148 1481 248 1530 autem
278 1469 422 1529 nonnulla
445 1468 656 1546 adjungamus,
688 1483 764 1545 quae
787 1467 827 1526 ad
848 1475 941 1526 artem
967 1469 1194 1544 grammaticam
1208 1468 1400 1543 potissimum

148 1567 321 1648 pertineant.
1241 1627 1244 1630 Α
1359 1587 1361 1591 ⁴

233 1673 290 1731 Sed
312 1680 472 1747 antequam
495 1669 533 1729 ad
557 1670 660 1748 Velleji
682 1661 880 1728 elocutionem
903 1669 997 1747 ipsam
1020 1669 1257 1730 adumbrandam
1285 1670 1399 1729 accedi·

149 1793 223 1844 mus,
247 1792 343 1851 pauca
360 1774 391 1832 in
412 1775 578 1831 universum
596 1771 808 1847 disputabimus
831 1769 868 1829 de
890 1778 952 1831 toto
970 1772 1109 1831 orationis
1132 1772 1242 1831 habitu.
1277 1772 1322 1830 Ac
1344 1774 1401 1848 pri-

149 1895 231 1935 mum
254 1875 371 1951 quidem
394 1886 487 1950 quum
509 1872 670 1947 quaeritur,
698 1872 816 1948 qualem
839 1889 903 1930 sese
930 1874 1105 1948 praestiterit
1127 1873 1256 1951 Vellejus
1279 1874 1308 1931 in
1331 1874 1400 1932 scri·

148 1978 256 2046 bendo,
280 1976 350 2035 illud
373 1971 619 2034 considerandum
642 1981 687 2031 est
709 1991 776 2031 eum
799 1982 915 2049 praeter
937 1973 1064 2033 historici
1086 1966 1174 2033 simul
1194 1976 1315 2033 oratoris
1333 1984 1400 2051 pa'r·

148 2087 192 2138 tes
215 2096 318 2154 agere,
341 2075 421 2153 quod
443 2076 573 2132 maxime
595 2075 779 2150 perspicuum
802 2082 860 2143 est,
883 2075 932 2133 ubi
954 2076 983 2133 in
1006 2075 1109 2134 ultima
1131 2076 1226 2151 operis
1250 2085 1332 2152 parte
1355 2095 1400 2136 res

148 2181 309 2240 Caesarum
332 2180 362 2237 in
389 2176 488 2252 primis
510 2176 635 2250 Augusti
662 2182 692 2233 et
714 2175 823 2234 Tiberii
844 2185 964 2237 enarrat
986 2177 1039 2252 ita,
1061 2185 1093 2236 ut
1115 2178 1230 2236 medius
1252 2180 1304 2237 liat
1325 2179 1400 2236 inter

92 2317 95 2322 -
148 2281 316 2340 historicum
339 2288 369 2338 et
390 2277 603 2355 panegyricum
626 2277 807 2352 scriptorem.

234 2381 302 2441 Hoc
324 2398 392 2439 vero
414 2397 507 2455 genus
530 2379 645 2437 dicendi
667 2380 828 2438 oratorium
851 2399 888 2438 ex
914 2379 985 2440 locis
1003 2382 1118 2456 poetico
1139 2380 1274 2457 ¹quodam
1301 2382 1409 2442 colore.

148 2484 289 2542 distinctis
307 2489 336 2540 et
363 2481 542 2541 ornamentis
568 2481 710 2557 cujusque
737 2482 853 2554 generis
880 2483 1026 2540 instructis
1051 2482 1234 2558 intelligitur,
1261 2483 1351 2542 velut:
1378 2501 1399 2552 1,

150 2584 191 2654 16,
210 2600 243 2657 4;
268 2599 289 2652 1,
314 2582 354 2651 18,
378 2596 408 2656 3;
431 2598 456 2649 2,
479 2597 507 2653 4,
530 2596 562 2653 4;
585 2594 610 2649 2,
633 2597 679 2655 59,
703 2580 737 2649 6;
760 2596 785 2650 2,
810 2595 872 2655 113,
895 2597 927 2656 4;
951 2598 976 2650 2,
996 2599 1059 2657 131,
1078 2600 1110 2656 4;
1134 2584 1171 2642 al.
1198 2585 1246 2643 De
1267 2583 1400 2642 oratione

148 2686 300 2763 Vellejana
319 2684 434 2760 poetico
452 2683 552 2741 colore
574 2683 659 2758 quasi
676 2681 785 2740 infecta
806 2682 891 2741 etde
913 2685 1062 2743 sententiis
1080 2685 1160 2761 operi
1179 2686 1301 2755 insertis,
1320 2685 1400 2762 quod

147 2789 362 2864 propriumest
384 2785 500 2860 generis
523 2785 649 2852 oratorii,
673 2783 714 2840 H.
736 2783 880 2859 Sauppius
902 2785 932 2842 in
955 2785 1062 2845 Museo
1079 2779 1279 2846 Helvetiorum
1300 2786 1398 2862 (Tum.

146 2890 169 2958 I,
193 2903 218 2946 2.
241 2908 269 2963 p.
294 2886 344 2962 178
364 2895 394 2945 et
413 2883 480 2971 ¹74),
496 2884 649 2961 diligenter
671 2892 700 2943 et
722 2885 793 2944 scite
816 2883 958 2945 disseruit,
994 2887 1093 2946 Pauca
1116 2887 1321 2966 habeo-quae
1344 2889 1397 2946 ad·

147 2989 229 3048 dam:
257 2989 374 3047 stationi
396 2996 538 3063 paternae
561 2984 718 3046 succedere
731 2984 769 3056 2,
794 2992 859 3062 124,
881 3003 911 3056 2;
941 2988 1055 3048 functus
1077 2992 1203 3049 statione
1229 2991 1345 3052 mortali
1370 3007 1397 3060 2,

149 3107 205 3164 131,
224 3104 252 3158 2;
276 3088 354 3147 bello
376 3088 452 3146 civili
468 3095 498 3146 et
516 3095 559 3146 tot
581 3087 666 3146 malis
684 3105 745 3146 non
760 3089 834 3148 alius
851 3089 994 3166 majorem
1012 3080 1290 3168 flagrantioremque
1309 3083 1398 3167 quam

147 3190 180 3250 C.
204 3190 293 3249 Curio
315 3189 438 3267 subjecit
460 3188 555 3247 facem
575 3204 607 3257 2,
630 3187 682 3261 48,
706 3203 739 3263 33
766 3189 877 3249 refulsit
899 3207 966 3266 spes
989 3199 1068 3250 certa
1090 3192 1248 3250 liberorum
1270 3193 1401 3267 parenti·

145 3293 200 3353 bus
223 3309 252 3362 2,
278 3307 347 3368 103,
370 3305 401 3368 5;
432 3290 543 3365 sopitus
570 3298 720 3347 armorum
743 3289 823 3347 iuror
845 3304 875 3359 2,
898 3290 950 3365 89,
973 3307 1004 3365 3;
1036 3309 1161 3367 quorum
1184 3283 1310 3352 cervices
1336 3300 1399 3352 tam

146 3393 256 3454 fortiter
287 3391 458 3452 sustinendo
489 3398 633 3463 terrarum
664 3390 744 3450 orbis
775 3391 897 3466 imperio
928 3392 1073 3452 sufficiant
1094 3409 1119 3462 2,
1144 3409 1199 3468 131,
1222 3409 1252 3464 2;
1275 3394 1400 3471 plurimo

145 3497 216 3570 igne
235 3496 365 3554 emicans
383 3491 549 3553 incendium
568 3492 699 3551 militaris
721 3493 906 3562 1111111112,
927 3508 983 3570 125,
1006 3494 1251 3568 ‹az—Sententiis
1269 3515 1288 3555 a
1306 3497 1401 3572 Saup·
1425 3546 1428 3552 .

145 3596 194 3670 pio
216 3596 311 3654 allatis
334 3595 495 3672 adjungam
519 3596 586 3654 has:
614 3596 664 3655 alit
686 3595 845 3654 aemulatio
872 3596 1003 3672 ingenia:
1031 3606 1060 3656 et
1082 3616 1161 3657 nunc
1183 3598 1298 3667 invidia,
1321 3617 1400 3659 nunc

146 3695 301 3782 admiratio
324 3697 514 3757 imitationem
538 3698 674 3757 accendit
698 3714 723 3766 1,
750 3711 792 3772 17,
807 3695 849 3766 4ός
877 3681 1021 3757 familiare
1043 3707 1086 3758 est
1108 3699 1275 3758 hominibus
1297 3700 1397 3758 omnia

145 3799 200 3857 sibi
223 3798 389 3872 ignoscere,
418 3799 486 3857 nihil
510 3800 573 3858 aliis
595 3799 742 3859 remittere
764 3804 806 3868 2'„
824 3815 877 3873 3ο,
895 3803 937 3874 ’3;
964 3817 1080 3876 semper
1106 3817 1236 3876 magnae
1264 3799 1409 3860 fortunae>

145 3917 245 3959 comes
268 3905 312 3957 est
334 3897 464 3958 adulatio
481 3915 506 3968 2,
531 3915 592 3970 102,
615 3915 645 3975 3;
669 3899 862 3959 ineluctabilis
886 3900 1013 3959 fatorum
1035 3902 1085 3970 vis,
1109 3901 1318 3978 cujuscumque
1342 3902 1400 3959 for·

146 4012 248 4062 tunam
271 4009 387 4059 mutare
409 4002 566 4071 constituit,
588 4002 712 4062 consilia
734 4002 893 4077 corrumpit
916 4019 941 4073 2,
964 4017 1006 4078 57,
1030 4019 1057 4078 3.

231 4103 320 4161 Hunc
342 4102 474 4179 spiritum
501 4103 625 4161 oratoris
651 4108 767 4162 secutus
790 4103 919 4181 Vellejus
947 4105 1033 4163 uariis
1060 4103 1269 4180 sententiarum
1292 4103 1400 4162 oratio·

147 4204 249 4281 nisque
269 4204 383 4276 formis,
407 4221 481 4280 quas
495 4203 628 4282 figuras
646 4205 705 4263 sive
724 4197 876 4286 σχήματα
899 4209 1007 4265 vocant
1032 4205 1235 4281 grammatici,
1253 4221 1322 4264 usus
1346 4211 1417 4264 est.¹

146 4294 257 4382 Itaque
273 4307 402 4366 invenies
421 4305 587 4383 frequentes
610 4305 854 4380 iuterrogatz'ones,
877 4305 910 4382 (1,
931 4306 973 4376 16,
992 4321 1026 4380 43
1048 4323 1073 4377 2,
1092 4312 1137 4380 42,
1157 4322 1185 4376 2;
1209 4321 1233 4375 2,
1259 4321 1302 4381 53,
1322 4321 1350 4376 2;
1375 4321 1399 4377 2,

147 4420 194 4482 75,
218 4421 247 4476 2;
271 4423 300 4478 2,
325 4413 381 4477 rii,
405 4423 438 4481 4;
461 4422 490 4475 2,
512 4405 742 4482 1211211314,
770 4410 989 4490 exclamationes
1013 4404 1052 4486 (2,
1071 4407 1120 4479 28,
1140 4425 1170 4483 3;
1199 4424 1230 4478 2,
1247 4423 1293 4482 32,
1313 4423 1341 4484 5;
1375 4411 1418 4478 a*

1173 4521 1182 4548 1
