3106 5040
676 257 881 315 -.10-

153 443 191 501 de
213 441 270 501 hoc
293 459 402 518 genere
424 443 548 502 militum
570 444 730 503 sententias
757 444 904 519 expositas
930 443 1069 502 invenies.
1113 443 1211 503 Locus
1236 445 1416 524 Vellejanus

152 551 197 602 est
219 559 249 614 2,
274 558 338 614 110,
362 542 393 602 6:
425 561 552 620 magnus
575 545 787 604 vexillariorum
814 562 953 604 numerus
976 545 1015 605 ad
1037 545 1270 610 internecionem
1292 565 1413 609 caesus.

154 644 229 702 Vide
252 646 342 704 etiam
360 645 414 704 Ch.
433 644 466 704 C.
484 644 518 702 l.
531 645 644 722 Lange,
663 645 729 705 hist.
748 652 820 704 mut.
843 646 884 705 rei
902 645 1033 705 militaris
1051 645 1149 717 Rom,
1169 645 1305 723 Gotting.
1326 647 1413 724 1846.

150 750 195 819 4⁰.
218 766 245 823 p.
269 762 320 824 453
343 745 530 822 Marquardt‚
554 747 660 806 Roem.
682 747 874 806 Alterthuem.
898 747 956 816 III,
979 762 995 804 2
1018 766 1046 822 p.
1070 746 1128 820 366
1151 765 1215 824 sqq.

244 849 370 907 Vindicta
392 866 446 924 pro
463 850 717 918 antaraduersione,
740 850 845 924 ultione
866 855 1024 924 usurpatur
1040 863 1066 917 2,
1085 864 1130 923 92,
1149 863 1180 921 3:
1211 850 1400 911 consularem

149 951 225 1012 siin
248 969 388 1027 campum
406 950 634 1020 descendissent,
658 948 816 1009 vindictam
834 950 961 1011 minatus
978 958 1036 1021 est;
1059 965 1084 1017 2,
1110 965 1167 1023 114,
1189 966 1221 1024 3:
1243 951 1416 1013 admonitio

151 1051 301 1127 frequens,
324 1053 469 1111 interdum
491 1060 521 1111 et
542 1052 713 1127 castigatio,
739 1051 869 1114 vindicta
890 1051 1047 1112 rarissima.
1091 1051 1206 1110 Eadem
1232 1052 1413 1126 significatio

149 1152 233 1229 hujus
259 1154 338 1212 vocis
367 1154 509 1230 reperitur
539 1141 621 1231 aptid
646 1153 786 1216 Tacitum
818 1160 848 1213 et
874 1151 1058 1229 Juvenalem;
1086 1152 1166 1228 apud
1197 1161 1308 1213 veteres
1338 1156 1411 1214 scri·

100 1295 101 1298 ¹
149 1261 248 1328 ptores
270 1256 395 1313 vindr'cta
416 1256 475 1314 vim
496 1255 681 1325 liberationis,
704 1255 881 1333 defensiones
902 1254 1000 1313 habet.
1014 1285 1054 1295 -

233 1355 398 1416 Nonnullas
428 1374 516 1416 voces
548 1374 714 1433 vocumque
745 1355 973 1430 significationes
999 1354 1129 1433 Vellejns
1159 1373 1178 1414 a
1209 1357 1409 1432 superioribus

148 1457 241 1532 poetis
264 1457 434 1533 desumpsit.
479 1458 552 1516 Sunt
573 1458 630 1516 hae
653 1457 726 1516 fere:
1156 1515 1160 1521 .

233 1558 378 1633 Auspiciis
400 1557 472 1635 alcjs
498 1575 563 1633 pro:
592 1560 688 1632 alr'quo
715 1560 791 1627 duce,
824 1562 994 1631 imperatore
1016 1572 1041 1627 2,
1069 1572 1116 1632 39,
1145 1571 1172 1626 13
1200 1572 1225 1627 2,
1248 1573 1298 1630 40,
1325 1574 1353 1630 13
1380 1574 1408 1627 2,

153 1673 211 1733 129,
231 1675 251 1731 4
273 1657 365 1730 (Hor,
389 1657 454 1731 Ov.‚
478 1657 585 1735 Verg.).
1201 1712 1204 1718 .
1317 1724 1318 1729 1

237 1760 438 1820 Commilitticm
458 1761 495 1820 de
516 1760 688 1820 condicione
710 1779 821 1830 eorum,
844 1761 893 1835 qui
915 1767 975 1820 una
997 1759 1131 1828 militant,
1154 1758 1215 1818 fere
1237 1777 1290 1836 pro
1312 1760 1407 1819 socie·

151 1870 212 1921 tate
234 1862 354 1921 militiae
377 1862 482 1920 dicitur
508 1878 533 1929 2,
556 1878 602 1938 29,
629 1877 659 1938 5:
687 1863 733 1920 hic
755 1871 864 1937 atoga
885 1861 957 1919 virili
983 1839 1118 1919 ass'uetus
1144 1860 1314 1920 commilitio
1335 1878 1405 1935 pru·

147 1963 310 2022 dentissimi
332 1964 416 2022 ducis
438 1965 589 2040 ingenium
607 1965 775 2024 excoluerat
791 1962 912 2037 (Quint,
935 1961 1019 2034 Tac,
1038 1962 1111 2022 Pliu.
1130 1979 1186 2038 ep,
1206 1961 1288 2040 Just,
1307 1961 1406 2037 Flor.).
1426 1969 1430 1975 '

55 2043 61 2051 .
147 2062 269 2123 Ovidius
291 2065 402 2141 primus
424 2085 479 2143 per
501 2067 722 2126 translationem
749 2067 805 2127 hoc
831 2066 1007 2125 vocabulum
1033 2065 1071 2123 de
1096 2065 1238 2125 societate
1262 2081 1406 2140 quacum·

149 2183 208 2240 qne
236 2166 335 2241 posuit
354 2168 384 2225 in
407 2168 490 2243 epist.
518 2185 553 2225 ex
575 2167 671 2226 Ponto
693 2184 718 2244 2,
740 2183 765 2242 5,
788 2182 836 2242 72:
859 2177 888 2226 et
905 2166 1065 2227 commilitii
1087 2184 1172 2231 sacra
1189 2164 1300 2223 tuenda
1317 2175 1408 2241 putas

148 2260 221 2340 [ie.
237 2267 476 2326 communionem
495 2263 670 2344 studiorum]
685 2266 780 2343 (Apul.
798 2268 862 2327 flor.
880 2283 974 2342 366.
994 2266 1027 2328 16
1045 2287 1074 2345 p.
1092 2283 1137 2341 24,
1158 2282 1192 2326 10
1210 2265 1257 2326 ed.
1271 2264 1407 2342 Krueg.).

232 2366 295 2424 Dos
317 2385 371 2442 pro
392 2369 505 2439 vr‘rtute,
528 2371 667 2427 commodo
689 2376 844 2444 poetarum
865 2368 955 2426 modo
973 2368 1076 2429 dicitur
1096 2384 1117 2438 1,
1138 2385 1176 2440 12,
1195 2385 1227 2442 3:
1249 2369 1291 2426 vir
1308 2370 1402 2427 omni-

116 2458 120 2470 ’
147 2469 201 2527 bus
224 2469 292 2527 belli
315 2488 351 2529 ac
373 2477 464 2546 togae
486 2471 602 2531 dotibus
626 2471 871 2530 eminentissimus
893 2470 1003 2533 saeculi
1024 2471 1069 2531 sui
1090 2467 1178 2544 (Suet.
1202 2469 1262 2528 Tit.
1286 2467 1324 2545 3).
1357 2469 1405 2529 Cf.

146 2571 407 2650 Krebs·Allgayer,
424 2574 578 2633 Antibarb.
601 2573 647 2631 ed.
667 2573 703 2631 V.
727 2591 756 2648 p.
773 2571 841 2647 384.

231 2671 386 2747 Eloquium
409 2693 463 2749 pro
485 2677 640 2750 eloquentia
663 2690 687 2745 2,
711 2673 758 2744 68,
783 2692 809 2733 1:
832 2674 875 2733 M.
898 2673 1024 2743 Coelius,
1047 2674 1089 2732 vir
1107 2674 1225 2750 eloquio
1243 2673 1404 2747 animoque

146 2773 266 2832 Curioni
292 2775 465 2834 simillimus.
505 2777 574 2835 Hac
600 2794 672 2835 voce
695 2777 812 2852 poetica
838 2777 912 2834 inter
938 2775 1054 2834 solutae
1079 2773 1220 2833 orationis
1247 2775 1403 2850 scriptores

145 2873 275 2951 Vellejns
296 2876 407 2951 primus
424 2893 494 2935 usus
515 2884 561 2935 est
578 2874 654 2951 (Val.
672 2876 754 2934 Max.
779 2893 800 2946 r,
819 2876 848 2934 6.
867 2885 924 2934 ext.
942 2892 974 2950 3;
992 2875 1065 2934 Plin.
1084 2875 1112 2933 h.
1130 2894 1159 2935 n.
1179 2874 1216 2944 tr,
1237 2890 1267 2952 17
1285 2871 1346 2950 (18),
1365 2889 1400 2949 55

146 2983 176 3034 et
198 2990 293 3051 saep.;
315 2975 381 3034 Son.
404 2976 442 3036 de
464 2977 507 3035 ira
526 2995 554 3052 3,
576 2973 612 3052 2).

229 3079 379 3154 Fragmen
402 3097 458 3137 vox
481 3098 500 3138 a
522 3080 616 3156 poetis
638 3077 717 3154 (Ov.‚
743 3079 847 3153 Verg.,
875 3076 973 3155 Lucr.)
994 3078 1164 3154 saepissime
1185 3087 1326 3154 usurpata
1347 3097 1403 3154 pro

136 3181 314 3257 fragmento
331 3182 472 3257 reperitur
489 3197 514 3251 2,
533 3197 560 3256 3,
578 3196 608 3239 2:
632 3180 777 3256 fragmine
795 3180 913 3240 subselli
930 3180 1004 3240 ictus
1021 3180 1112 3239 vitam
1130 3180 1288 3237 immatura
1305 3185 1401 3234 morte

65 3338 68 3343 .
145 3281 235 3340 finivit
257 3281 330 3356 (Col.
353 3300 380 3359 9,
406 3298 444 3359 15,
469 3299 514 3358 133
541 3283 620 3342 Suet.
642 3281 753 3353 Cl.18;
775 3282 845 3368 Ner.
867 3280 923 3358 26).

229 3383 315 3440 Lima
337 3402 389 3459 per
409 3384 634 3444 translationem
656 3386 759 3444 dicitur
781 3402 835 3460 pro
856 3385 1053 3449 emendatione,
1075 3378 1245 3451 expolitum
1267 3389 1291 3442 2,
1315 3391 1342 3450 9,
1366 3391 1398 3451 3:

145 3482 220 3542 adeo
246 3493 278 3543 ut
306 3485 335 3542 in
361 3485 416 3566 illis
442 3486 508 3560 plus
530 3487 633 3556 limae,
656 3487 686 3543 in
709 3486 766 3544 hoe
783 3500 879 3559 paene
902 3481 967 3557 plus
989 3480 1121 3537 videatur
1139 3475 1228 3534 luisse
1246 3477 1399 3551 sanguinis

144 3582 236 3658 (Hor,
256 3583 320 3655 Ov.‚
340 3583 450 3656 Quint,
465 3586 539 3645 Plin.
554 3587 621 3662 ep).
648 3586 693 3646 Cf.
709 3587 770 3646 Cic.
793 3586 872 3643 Brut.
888 3599 934 3657 24,
949 3597 1002 3656 93;
1019 3579 1146 3639 limatius
1160 3577 1275 3639 dicendi
1293 3598 1397 3654 genus.

234 3685 321 3744 Orbis
340 3686 474 3744 absolute
493 3686 596 3745 dicitur
614 3705 667 3763 pro
686 3687 750 3745 orbe
766 3693 914 3744 terrarum
932 3699 958 3754 2,
978 3697 1038 3755 124,
1059 3698 1084 3739 1:
1107 3682 1171 3758 quis
1193 3682 1272 3740 orbis
1290 3690 1398 3750 metus;

145 3795 174 3845 et
188 3805 277 3863 supra
291 3789 321 3846 in
339 3787 444 3847 eadem
458 3789 660 3864 paragrapho:
678 3789 761 3869 cujus
775 3787 852 3844 orbis
870 3785 986 3843 ruinam
999 3785 1190 3844 timueramus
1202 3780 1278 3855 (Ov.‚
1288 3781 1398 3857 Verg.).

144 3889 228 3947 Alter
249 3890 327 3947 orbr's
349 3905 373 3960 2,
392 3889 441 3962 46,
462 3905 487 3947 1:
510 3889 635 3948 alterurn
655 3905 751 3964 paene
771 3886 894 3963 imperio
912 3892 1013 3946 nostro
1030 3904 1175 3963 quaerens
1197 3886 1300 3945 orbem
1323 3885 1398 3954 ,eine

144 3989 243 4049 aweite
263 3991 360 4049 Welt‘.
381 3991 433 4050 Cf.
455 3990 533 4049 Flor.
551 4007 578 4064 3,
599 4005 642 4059 10,
663 3988 709 4047 16:
732 3988 817 4065 quasi
834 3987 882 4046 hic
899 3987 1052 4048 Romanus
1070 3989 1148 4047 orbis
1166 4005 1227 4047 nou
1245 3986 1398 4058 sufficeret,

144 4091 267 4150 alterum
291 4093 439 4166 cogitavit.

230 4192 320 4250 Pacta
343 4193 447 4252 dicitur
469 4211 522 4270 pro
541 4204 648 4267 sponsa
670 4199 829 4268 praeeunte
853 4190 943 4266 Verg.
965 4194 1041 4251 Aen.
1064 4207 1108 4260 10,
1132 4204 1168 4265 79
1192 4188 1271 4264 apud
1294 4185 1396 4263 Vellej.

146 4309 168 4360 1,
193 4307 214 4360 1,
237 4308 268 4366 3:
291 4295 370 4368 quod
392 4303 497 4370 pactae
520 4295 581 4372 ejus
604 4293 780 4353 Hermiones
808 4294 924 4369 nuptias
947 4297 1157 4368 occupaverat,
1184 4288 1306 4363 Delphis
1328 4305 1396 4345 eum

142 4391 294 4452 interiecit.
407 4412 410 4416 ’
