3106 5040
694 271 900 329 „24-

172 469 212 479 -
227 436 573 527 *posteritas=posteri
595 456 620 508 2,
645 438 693 511 66,
715 456 732 516 5
754 438 824 515 (Cic.
848 440 886 500 de
907 443 993 502 amic.
1011 461 1039 517 4,
1064 459 1108 521 15;
1131 443 1171 503 ad
1192 444 1253 504 Art.
1278 446 1436 523 12,19‚1).
1483 445 1486 450 '

96 544 97 547 ’
171 571 214 582 -
240 542 396 617 progenies
418 565 461 592 ==
484 544 622 618 prognati
646 559 672 612 1,
696 559 726 614 2,
752 560 762 600 1
790 539 860 618 (Cic.
884 543 975 603 Tusc.
1000 562 1024 615 1,
1048 561 1098 621 35,
1122 544 1171 620 85;
1198 545 1276 604 Tim.
1302 564 1329 604 11
1354 549 1434 620 init.;
1487 554 1489 557 ’

171 660 225 717 pro
248 641 350 701 Caelio
374 660 421 717 14,
444 659 495 718 343
518 642 581 701 Liv.
606 660 632 711 1,
648 641 704 718 1κ’),
728 641 763 719 3).
787 643 955 703 —reditus
977 645 1051 721 plur.
1073 662 1103 714 2,
1127 663 1178 722 39,
1202 663 1230 716 2;
1254 664 1284 718 2,
1309 662 1375 724 107,
1395 665 1433 724 ·3;

171 759 200 813 2,
226 760 288 817 114,
312 760 328 818 5
349 741 420 819 (Liv.
443 741 543 821 saep.).
567 775 607 786 —
642 738 813 804 *saeculum
839 764 893 822 pro
920 747 1099 818 hominibus,
1121 746 1177 825 'qui
1208 748 1306 825 aliqua
1333 757 1435 810 aetate

171 845 273 904 vivunt
295 862 320 917 2,
345 863 382 917 11,
407 863 430 904 1.

258 946 447 1007 Substantiva
469 946 658 1024 deminutiva,
680 966 758 1024 quae
779 956 931 1020 vocantur,
954 951 1034 1026 apud
1053 951 1199 1029 Vellejum
1221 960 1349 1011 exstant:
1372 954 1436 1012 cul·

169 1047 254 1108 tellus
277 1064 303 1118 2,
328 1066 370 1123 14,
395 1066 406 1107 1
430 1046 544 1122 (Varro,
567 1048 641 1119 Col,
664 1048 737 1109 Plin.
756 1051 835 1125 maj„
858 1047 956 1128 Suet.).
976 1052 1148 1111 —libellus
1169 1049 1274 1128 (Billet)
1300 1069 1324 1123 2,
1348 1068 1391 1128 57,
1415 1069 1431 1111 2

168 1146 258 1223 (Cio).
283 1181 322 1192 -
350 1149 482 1208 mamilla
504 1166 529 1219 2,
553 1164 600 1225 70,
623 1165 640 1225 5
666 1147 713 1226 (cf.
740 1171 769 1228 p.
795 1149 846 1227 19).
874 1168 915 1195 -’
933 1137 1076 1213 navicula
1102 1171 1127 1220 2.
1153 1169 1213 1230 107,
1237 1170 1253 1212 2
1276 1149 1366 1231 (Cic).
1390 1187 1432 1198 -

57 1248 67 1254 “
169 1250 314 1326 particula
337 1267 359 1320 1,
384 1249 426 1321 16,
458 1268 469 1314 1
494 1249 583 1328 (Cic).

256 1353 303 1412 De
325 1354 389 1430 ipsa
412 1354 672 1423 ,substantivorum
694 1355 899 1416 collocatione‘
921 1375 1031 1416 moneo
1053 1356 1132 1432 apud
1151 1355 1297 1434 VelleJum
1319 1373 1433 1431 cogno·

172 1472 242 1513 men
261 1462 331 1513 ante
349 1472 458 1513 nomen
476 1456 649 1531 saepissime
667 1457 746 1533 poni,
770 1456 849 1522 velut
868 1457 991 1516 Rufinus
1009 1457 1164 1516 Cornelius
1182 1473 1207 1528 2,
1228 1473 1269 1530 14,
1289 1455 1321 1526 6;
1344 1456 1433 1516 Man·

169 1557 252 1614 cinus
279 1553 423 1614 Hostilius
448 1572 473 1626 2,
499 1574 521 1626 1,
541 1572 573 1629 4;
596 1557 737 1616 Acidinus
762 1556 891 1616 Manlius
909 1574 934 1629 2,
954 1557 980 1628 8,
999 1574 1029 1629 2;
1052 1558 1090 1616 cs.
1108 1576 1182 1634 quos
1204 1557 1286 1617 locos
1304 1558 1432 1618 Kritzius

169 1656 209 1715 ad
231 1656 307 1714 Vell.
326 1673 350 1726 2,
370 1655 417 1732 26,
435 1673 450 1715 2
469 1658 691 1733 diligentissime
710 1660 840 1718 contulit.
876 1659 943 1719 Non
963 1677 1125 1736 numquam
1143 1659 1223 1735 apud
1246 1658 1430 1730 Ciceronem,

169 1757 318 1816 rarissime
340 1759 421 1835 apud
443 1758 602 1820 Caesarem
625 1768 654 1819 et
671 1760 841 1820 Sallustium
863 1780 955 1839 quum
977 1762 1052 1821 haec
1069 1762 1253 1836 cognominis
1276 1761 1432 1821 collocatio

144 1903 145 1906 ,
169 1860 344 1929 inveniatur,
366 1861 428 1937 iam
450 1860 518 1920 inde
540 1882 559 1921 a
582 1862 697 1940 Vellejo
719 1864 748 1922 in
773 1882 829 1922 usu
851 1881 915 1924 esse
938 1846 1043 1940 coepit.
1087 1863 1133 1922 Cf.
1154 1864 1302 1939 Draeger‚
1330 1863 1433 1922 Ueber

135 2010 138 2015 ,
168 1958 221 2018 Stil
246 1978 274 2017 u.
296 1960 406 2037 Syntax
430 1962 482 2022 des
505 1963 627 2024 Tacitus
650 1984 678 2041 p.
702 1979 744 2041 75.
768 1963 787 2042 ᾖ
810 1978 868 2024 221.

630 2387 695 2457 De
730 2383 965 2476 Adjectivis.

256 2570 417 2648 AdJectiva,
441 2588 519 2648 quae
542 2571 791 2650 apud-Vellejum
809 2574 937 2649 primum
959 2574 1093 2633 videntur
1112 2582 1236 2644 exstare,
1256 2584 1325 2635 sunt
1343 2577 1432 2637 haec:

259 2670 445 2731 Caeruleoim
459 2666 576 2750 ,(ἅπαξ
602 2667 785 2756 εἰρημένον)
812 2692 864 2750 pro
891 2693 927 2733 eo
953 2676 1083 2751 ponitur,
1117 2675 1196 2751 quod
1224 2685 1268 2736 est
1293 2677 1432 2738 caemleo
1463 2680 1465 2685 ’

170 2773 269 2831 colore
290 2773 434 2862 obductus
457 2790 487 2844 2,
511 2773 560 2849 83,
585 2791 613 2832 2:
640 2774 767 2833 Plancus
789 2794 856 2833 cum
883 2776 1068 2835 caeruleatus
1099 2786 1128 2835 et
1150 2777 1258 2847 nudus,
1281 2785 1429 2854 caputque

61 2894 63 2898 ⁷
171 2868 323 2931 redimitus
347 2875 491 2934 arundine
509 2883 539 2934 et
559 2862 688 2934 caudam
710 2875 842 2944 trahens,
866 2877 990 2950 genibus
1015 2878 1130 2936 innixus
1153 2877 1302 2937 Glaucum
1325 2879 1431 2939 saltas·

174 2975 270 3032 setin
293 2975 424 3033 convivio
447 2971 473 3050 (i.
492 2994 518 3034 e.
537 2976 635 3036 colore
658 2977 793 3036 caeruleo
816 2978 967 3048 obductus,
991 2977 1070 3055 quali
1092 2981 1273 3055 putabantur
1294 2997 1360 3040 esse
1382 2983 1430 3041 dei
1509 3024 1511 3027 ψ

171 3076 295 3150 marini).

137 3166 143 3177 s
257 3179 442 3237 Favorabilz's
464 3181 581 3254 passiva
603 3179 815 3254 significatione
838 3180 942 3239 dicitur
963 3199 1030 3257 pro:
1058 3185 1108 3240 cui
1119 3183 1257 3261 fovetur,
1277 3187 1429 3258 gratzosus

56 3362 58 3366 Ι
170 3295 195 3350 2,
217 3297 264 3356 34,
283 3297 313 3339 2:
337 3280 451 3340 Luculli
469 3288 498 3339 et
516 3280 628 3340 Metelli
649 3281 831 3363 triumphum⁴
850 3282 958 3341 invidia
976 3283 1108 3360 Pompeji
1131 3282 1199 3341 fecit
1222 3283 1427 3352 favorabilem
1453 3292 1457 3299 '

170 3397 195 3450 2,
220 3397 271 3454 40,
295 3397 324 3439 2:
350 3384 431 3459 cujus
453 3379 606 3459 (Pompeji)
630 3369 755 3441 reditum
777 3383 968 3442 favorabilem
991 3384 1089 3461 opinio
1108 3384 1218 3443 fecerat
1239 3381 1315 3460 (Val.
1334 3386 1426 3455 Max..

173 3482 240 3541 Sen.
263 3483 346 3559 phil,
371 3483 485 3555 Quint„
509 3484 597 3553 Tac,
621 3484 692 3542 Plin.
716 3502 779 3560 ep.,
802 3483 895 3554 Suet,
919 3484 1015 3562 Flor.).

257 3586 388 3660 Fulgens
415 3583 716 3661 Part-Adiectivum
744 3585 826 3661 cujus
853 3586 1144 3662 superlativiforma
1163 3575 1288 3647 vtantum
1314 3587 1426 3647 videtur

170 3693 294 3755 exstare,
318 3685 398 3762 apud
412 3684 559 3763 Vellejum
581 3686 726 3744 invenitur
748 3704 772 3758 2,
792 3703 840 3762 39,
861 3704 888 3745 1:
911 3687 1156 3762 fulgentissimum
1179 3686 1315 3748 Caesaris
1337 3707 1425 3766 opus;

169 3803 199 3858 2,
224 3787 276 3861 64,
300 3802 331 3862 3:
355 3787 569 3862 fulgentissimo
591 3795 621 3846 et
643 3773 764 3847 caelesti
785 3804 848 3859 ore;
872 3805 901 3860 2,
925 3803 970 3865 71,
996 3805 1022 3848 1:
1045 3788 1175 3849 Messala
1197 3789 1426 3866 fulgentissimus

168 3888 281 3964 juvenis
312 3886 388 3962 (Val.
415 3887 497 3946 Max.
528 3906 553 3958 1,
579 3905 605 3958 1,
634 3904 683 3947 10:
714 3889 878 3965 plaustrum
909 3889 981 3949 illud
1011 3889 1217 3966 fulgentissimi
1243 3892 1426 3968 triumphalis

171 4007 273 4048 currus
296 3985 421 4063 gloriam
445 3991 594 4070 aequavit;
619 4007 647 4065 3,
668 4004 696 4066 5,
717 4007 743 4049 1:
767 3991 827 4050 duo
849 3991 1064 4067 fulgentissima
1086 3992 1267 4069 cognomina
1289 3987 1378 4067 patris
1396 3998 1426 4048 et

169 4088 283 4166 patrui).
520 4079 527 4098 '
1439 4088 1441 4092 ⁴

253 4185 441 4250 Inrin'z'tabilis
463 4210 530 4268 pro:
552 4197 631 4268 quem
655 4195 770 4252 r'rm‘iari
789 4213 844 4252 non
862 4204 1016 4269 possumus
1038 4211 1063 4266 2,
1087 4208 1133 4270 (77,
1156 4211 1187 4269 3:
1210 4210 1327 4251 morum
1345 4198 1425 4250 certe

170 4292 296 4351 dulcedo
318 4312 355 4352 ac
377 4294 506 4353 suavitas
529 4304 559 4355 et
580 4296 719 4356 adversus
742 4297 854 4355 amicos
877 4313 975 4377 aequa
997 4314 1034 4354 ac
1054 4314 1109 4371 par
1131 4295 1175 4353 sui
1192 4292 1358 4352 aestimatio
1380 4293 1425 4351 in·

171 4393 319 4453 imitabilis
339 4395 426 4455 fuisse
445 4396 550 4455 dicitur
567 4393 690 4473 (Quint3
708 4396 810 4454 Ambr.
829 4396 866 4454 de
884 4397 976 4456 viduis
994 4395 1021 4466 8,
1035 4411 1085 4471 43.
1108 4393 1193 4452 Adde
1206 4393 1289 4452 lexic.
1305 4392 1423 4471 Latin).
