3106 5040
672 267 875 326 ..,,-

148 437 180 497 C.
203 437 292 498 Atilio
315 445 344 499 et
366 437 401 496 A.
424 436 544 495 Servilio
566 453 641 495 coss.
668 443 729 495 tam
762 435 853 495 facilis
885 443 963 496 esset
993 437 1293 513 annorum-digestio
1317 435 1399 511 (Plin.

150 537 237 617 11111).
260 538 321 598 Cic.
341 540 377 598 de
400 546 473 598 orat.
493 553 519 612 3,
538 553 583 614 53,
605 551 662 613 205
684 546 848 607 ,enumerat
866 537 1061 613 digestionem
1083 538 1158 596 inter
1174 539 1285 611 figuras
1303 537 1400 599 rheto·
1471 553 1472 557 ’

148 643 226 702 ricas
246 641 457 701 sententiarum
479 647 509 700 et
532 639 644 697 videtur
666 638 828 714 intelligere
850 638 1092 706 distributionem,
1116 656 1176 714 qua
1197 638 1326 714 pluribus
1347 656 1401 714 po·

147 744 217 812 sitis,
240 761 326 802 suurn
348 742 468 817 singulis
490 740 620 801 redditur
638 740 814 811 membrum,
837 738 954 800 Graece
969 731 1132 822 μερισμὸν
1155 740 1199 800 vel
1222 735 1401 822 διαίρεσιν.

89 848 92 853 ’
147 844 271 904 Forcell.
294 843 406 902 De·Vit
426 841 555 918 (Quint).

234 946 348 1004 Dz’vrn'o
380 945 418 1003 de
444 944 649 1028 distribuendis
679 944 805 1020 praediis
836 961 886 1020 per
913 943 1128 1002 triumvirorum
1155 944 1399 1020 conscriptionem

147 1055 304 1122 usurpatur
325 1062 354 1114 2,
378 1061 427 1120 74,
452 1062 481 1104 2:
508 1047 558 1122 qui
580 1047 713 1105 instituta
740 1046 878 1105 divisione
899 1044 970 1121 (,bei
992 1045 1072 1103 einer
1094 1044 1401 1121 Aclrervertbeilung‘)

147 1149 333 1225 praediorum
351 1148 567 1224 nominatisque
584 1148 707 1207 coloniis
724 1161 813 1222 agros
830 1147 989 1206 amiserant
1005 1143 1088 1220 (Tac.
1108 1164 1176 1208 ann.
1197 1163 1219 1215 1,
1239 1142 1295 1223 10).
1331 1146 1399 1205 Vim

142 1257 217 1325 part
205 1252 295 1309 tr'endr'
313 1248 419 1309 habet
416 1249 501 1327 apud
522 1248 591 1313 Sall.
614 1249 682 1328 Jug.
707 1246 748 1320 16,
774 1263 806 1325 53
829 1248 903 1306 inter
925 1249 1034 1322 figuras
1056 1247 1215 1308 rhetoricas
1237 1248 1399 1314 resertura

77 1353 80 1358 ’
148 1350 299 1411 Cicerone.
404 1381 406 1387 ·

233 1454 401 1515 Donzirr'nm
419 1470 474 1529 pro
493 1452 689 1524 demiratione,
708 1452 854 1513 domrnntu
872 1451 1031 1527 punitura,
1051 1449 1099 1528 80,
1117 1466 1149 1524 4:
1168 1452 1227 1510 vita
1245 1467 1401 1526 rerumque

149 1572 269 1613 suarum
300 1554 462 1614 dominium
486 1555 512 1613 ei
535 1571 676 1613 concessa
698 1563 765 1612 sunt
785 1550 862 1628 (Val.
885 1551 975 1622 Max,
998 1545 1066 1611 Se'n.
1089 1549 1174 1627 phil).
1218 1549 1322 1610 Cicero
1342 1552 1400 1610 hac

149 1672 222 1714 voce
244 1672 297 1730 pro
320 1656 452 1714 convivio
467 1655 572 1726 utitur,
595 1657 664 1733 quia
687 1655 824 1714 dominus
842 1654 987 1714 interdum
1010 1661 1139 1724 vocatur,
1162 1653 1212 1729 qui
1227 1653 1398 1721 convivium

148 1757 274 1820 exhibet.
321 1788 323 1792 ν
1238 1801 1241 1808 .

233 1859 352 1918 Electr'o.
394 1859 564 1919 Electrbnem
587 1861 658 1917 dare
679 1875 733 1934 pro
756 1875 802 1926 eo,
825 1858 905 1934 quod
927 1862 972 1917 est
993 1855 1073 1931 apud
1094 1855 1221 1930 optimos
1243 1855 1398 1932 scriptores

149 1962 283 2033 optionem
297 1963 376 2030 dore,
387 1960 502 2038 facere,
521 1960 666 2018 invenitur
684 1974 712 2028 2,
727 1972 773 2033 72,
789 1973 822 2032 5:
840 1958 947 2034 quippe
966 1955 1078 2015 nullum
1096 1949 1271 2015 habentibus
1289 1963 1398 2015 statum

149 2060 269 2134 quilibet
295 2061 354 2118 dux
380 2069 444 2119 erat
469 2060 606 2130 idoneus,
633 2077 701 2119 cum
725 2059 843 2119 fortuna
870 2077 930 2116 non
958 2058 1132 2119 electionem
1154 2057 1239 2117 daret
1263 2057 1339 2132 (Seu.
1361 2059 1406 2117 de.

147 2178 228 2235 prov.
252 2176 279 2236 3,
300 2175 342 2230 113
364 2161 508 2238 Plin..ep.
531 2177 554 2232 1,
576 2173 630 2230 20,
646 2160 699 2236 22).
734 2160 796 2218 Liv.
818 2175 977 2234 34,19,3:
1000 2159 1173 2218 electionem
1197 2159 1271 2218 ferre
1293 2160 1398 2234 legitur

148 2270 176 2321 et
198 2261 292 2336 38‚·8,
316 2276 346 2338 5:
368 2262 542 2322 electionem
563 2262 735 2338 relinquere.
775 2260 824 2322 Cf.
847 2260 1020 2330 Boetticher,
1043 2259 1126 2319 lexic.
1149 2259 1244 2320 Tacit.
1265 2278 1295 2335 p.
1318 2275 1372 2336 171.
1436 2341 1438 2345 ¹

232 2364 397 2423 Emr'nentr'a
418 2382 505 2424 sensu
526 2371 665 2423 concreto
687 2363 791 2422 dicitur
813 2362 850 2420 de
868 2361 1042 2430 hominibus,
1065 2361 1115 2436 qui
1135 2361 1275 2438 cujusque
1292 2362 1397 2420 artium

148 2466 262 2540 generis
281 2465 563 2541 operibus'insignes
582 2464 698 2527 luerunt
717 2480 738 2534 1,
755 2479 794 2538 17,
809 2480 842 2536 4:
859 2463 1020 2522 eminentia
1033 2462 1174 2538 cujusque
1186 2463 1283 2538 operis
1297 2463 1398 2521 arctis·

148 2566 227 2625 simis
250 2574 415 2642 temporum
442 2565 576 2624 claustris
602 2563 796 2633 circumdat3a
824 2580 878 2639 pro
905 2562 1102 2638 prominentia
1124 2563 1343 2638 separatimque
1368 2563 1397 2622 111

146 2667 265 2742 picturis
288 2667 424 2743 opposita
445 2667 554 2725 umbris
576 2666 651 2725 haec
673 2681 729 2723 vox
752 2664 830 2740 apud
853 2662 1025 2723 Ciceronem
1048 2670 1151 2722 exstat.

231 2767 380 2829 Excessus
401 2769 519 2844 propria
540 2765 754 2842 significatione
771 2765 930 2841 poniturr,
952 2779 990 2840 15,
1012 2780 1037 2823 1:
1061 2782 1157 2840 neque
1174 2764 1312 2840 proximis
1330 2771 1402 2840 post·

149 2885 299 2929 excessum
316 2871 378 2948 ejus
395 2866 591 2945 (Hannibalis)
612 2868 696 2927 annis
713 2867 828 2927 vacavit
845 2866 989 2926 Romanis
1007 2865 1138 2928 colonias
1155 2865 1295 2936 condere;
1318 2867 1397 2943 apud
1451 2927 1453 2931 .

148 2970 320 3030 Ciceronem
343 2990 458 3048 semper
480 2990 533 3048 pro
554 2977 642 3028 morte
664 2976 820 3046 usurpatur
842 2968 987 3044 (excessus
1010 2965 1128 3050 evita).

233 3071 358 3129 Exitum
378 3073 453 3132 vitae
475 3072 635 3148 mortisque
656 3071 766 3131 habere
789 3072 933 3131 invenitur
955 3087 980 3140 2,
1000 3085 1024 3146 7,
1045 3088 1066 3141 1,
1090 3090 1189 3130 rarum
1211 3078 1241 3130 et
1259 3077 1397 3145 argutum

149 3172 264 3232 dicendi
282 3185 375 3248 genus
393 3190 459 3250 pro:
483 3173 610 3230 violento
628 3173 729 3233 mortis
747 3189 857 3246 genere
874 3173 978 3248 perire.
1014 3172 1060 3231 Cf.
1079 3173 1197 3233 Ruhnk.
1220 3172 1258 3230 ad
1282 3188 1309 3241 2,
1330 3187 1353 3246 7,
1375 3188 1396 3241 1,

147 3274 198 3350 qui
218 3275 319 3336 mortis
342 3275 453 3337 exitum
475 3272 512 3354 de
534 3273 665 3331 violento·
682 3273 788 3343 mortis,
806 3289 915 3347 genere
937 3273 993 3342 dici
1015 3273 1156 3348 exemplis
1178 3273 1272 3333 docet.

231 3377 316 3434 llinis
338 3394 357 3436 a
376 3375 490 3453 Vellejo
512 3375 607 3451 primo
630 3391 683 3450 pro
705 3375 762 3433 fine
784 3374 861 3433 vitae
883 3383 1041 3450 usurpatur-
1061 3390 1086 3444 2,
1107 3389 1164 3448 r23,
1183 3390 1214 3448 3:
1237 3392 1293 3442 nec
1310 3375 1392 3452 quic·

146 3495 235 3552 quam
248 3479 309 3555 jam
319 3477 356 3536 de
366 3479 470 3552 fine‚sr
446 3476 546 3536 sifata
560 3482 724 3552 poscerent,
738 3491 890 3536 recusans
912 3473 958 3535 Cl.
967 3475 1077 3542 Krebs·
1063 3475 1225 3552 ·Al,lga5er
1240 3476 1394 3538 Antibarb.

146 3577 193 3634 ed.
212 3578 248 3633 V.
267 3597 295 3653 p.
313 3581 369 3652 476
387 3586 416 3636 et
433 3579 520 3638 Boett
520 3578 576 3644 rch.
595 3578 677 3640 lexic.
695 3576 792 3637 Tacit
810 3595 839 3653 p.
858 3593 922 3653 199.
957 3578 1117 3637 Fr'nr‘n'=
1135 3597 1208 3639 mors
1207 3576 1287 3637 'Cic.
1306 3587 1395 3654 poeta

145 3677 175 3735 in
197 3676 287 3737 Tusc.
312 3693 338 3748 1,
361 3677 494 3755 48,115.

230 3780 346 3854 Fulgor
363 3780 478 3855 saepius
496 3783 637 3867 reperitur
654 3782 734 3858 apud
749 3781 894 3859 Vellejum
904 3781 1050 3848 ,translata
1063 3781 1283 3856 significatione,
1301 3781 1393 3839 velut:

145 3880 242 3955 sulgor
264 3898 333 3940 suus
357 3895 389 3950 2,
413 3896 466 3955 99,
489 3898 518 3953 ²3
541 3883 561 3943 1.
584 3884 678 3943 avitus
700 3899 736 3954 2,
753 3899 785 3955 4,
810 3881 841 3953 6;
866 3881 884 3940 1.
908 3882 1050 3944 adventus
1072 3881 1207 3942 Caesaris
1229 3898 1258 3951 2,
1282 3897 1337 3958 50,
1360 3899 1390 3956 4;

140 3981 164 4039 i.
187 3983 351 4041 carminum
375 3997 400 4049 1,
425 3995 459 4056 5,
484 3997 506 4039 1.

230 4084 387 4158 Ingressus
410 4081 490 4158 apud
504 4082 646 4159 Vellejum
670 4084 798 4160 primum
820 4085 936 4159 proprie
958 4092 1054 4144 exstat
1075 4084 1292 4162 praepositione
1313 4087 1344 4142 in
1366 4103 1391 4144 c.

146 4201 242 4245 accus.
269 4184 372 4245 addita
399 4182 482 4260 (,das
504 4182 741 4260 Hineingehen‘)
767 4200 799 4255 2,
824 4185 873 4260 63,
897 4201 926 4244 2:
957 4186 1013 4244 sub
1035 4185 1145 4244 Antoni
1171 4186 1336 4261 ingressum
1362 4188 1395 4246 in·

145 4295 240 4347 castra
263 4285 414 4363 Juventius
432 4285 599 4346 Laterensis
621 4303 653 4344 se
676 4287 737 4362 ipse
759 4288 901 4348 transfixit
923 4287 1004 4364 (Plin.
1026 4305 1095 4363 pan.
1120 4302 1147 4362 5,
1171 4303 1202 4359 4;
1227 4306 1284 4364 ep.
1297 4287 1337 4359 16,
1363 4305 1392 4364 ¹7

145 4383 213 4463 (18),
236 4402 267 4460 43
294 4390 405 4449 Auson.
428 4387 514 4465 edyll.
539 4387 678 4465 6.-epist.
699 4387 795 4448 Paulo
821 4406 874 4448 suo
902 4408 931 4466 p.
956 4390 1006 4464 167
1034 4390 1079 4448 ed.
1102 4391 1178 4466 Bip.;
1205 4390 1300 4465 Spart.
1327 4371 1410 4451 Sera·¹
