3106 5040
667 290 927 359 .-4²-

202 464 338 524 deflenda
360 474 413 523 est.
457 463 503 523 cf.
525 465 592 524 Sen.
615 463 655 523 ad
676 464 769 523 Mare.
792 462 843 533 26,
868 478 893 533 1;
925 462 997 521 Plin.
1021 481 1066 539 ep.
1090 480 1117 540 9,
1141 481 1185 539 33,
1211 481 1252 535 ιι;
1284 464 1358 525 Tac.
1381 484 1451 526 ann.

163 560 166 566 ’
203 583 230 641 3,
252 582 304 642 49;
328 566 408 625 Suet.
431 565 494 626 Cal.
518 581 566 641 3ο.
594 592 598 601 ·
636 583 639 590 ’

287 668 439 743 Depudere
460 668 504 726 vel
528 668 649 726 verbum
671 665 867 743 impersonale
888 667 1005 741 depuder
1025 667 1104 743 apud
1123 668 1277 746 Vellejum,
1290 668 1386 728 solum
1408 669 1451 729 di·

202 771 276 829 citur
298 787 351 846 pro
369 771 451 828 valde
466 772 555 845 pudet
571 784 596 840 2,
615 784 659 845 73,
679 785 709 844 3:
731 786 799 827 cum
821 787 889 827 eum
906 787 967 828 non
988 767 1149 845 depuderet
1166 769 1344 830 vindicatum
1362 773 1452 832 armis

203 891 239 932 ac
260 871 350 932 ductu
371 871 528 947 patrissui
550 887 633 936 mare
654 870 795 930 infestare
818 870 946 945 piraticis
968 870 1154 934 sceleribus„
1179 869 1234 930 Ov.
1256 872 1317 930 her.
1344 889 1372 946 4,
1403 888 1453 949 155

202 983 231 1033 et
253 973 319 1032 San.
343 991 424 1033 cons.
448 991 510 1049 sap.
535 986 574 1047 17,
599 989 616 1048 3
638 980 683 1031 est
704 989 758 1047 pro
774 972 883 1046 pudere
905 973 1032 1030 desinere
1053 969 1118 1046 (Ov.
1142 991 1199 1031 am.
1223 990 1249 1048 3,
1275 990 1312 1044 ιι,
1336 990 1452 1047 4nunc

201 1076 324 1151 legitur:
347 1093 408 1135 non
430 1074 532 1152 puduit
555 1068 649 1149 serre).

286 1179 378 1236 Ferre
397 1179 521 1253 preirent
544 1174 649 1233 dicitur
670 1193 723 1251 pro
745 1175 861 1233 usitata·
872 1173 1037 1234 elocutione
1059 1172 1179 1243 ,fructus
1198 1173 1282 1234 ferre‘
1305 1192 1331 1246 2,
1354 1193 1400 1253 45,
1422 1193 1451 1236 2;

200 1287 391 1339 conservatae
412 1277 525 1355 patriae
547 1277 673 1354 pretium
694 1275 895 1335 calamitatem
917 1267 997 1344 tulit:
1022 1290 1051 1344 2,
1070 1290 1118 1350 52,
1142 1291 1172 1352 5:
1191 1278 1270 1353 quod
1293 1278 1452 1338 voluntatis

204 1399 277 1440 suae
307 1382 433 1456 pretium
463 1379 541 1448 tulit;
568 1393 599 1447 2,
628 1392 690 1452 ι25,
720 1393 746 1435 1:
774 1377 838 1435 tulit
864 1385 893 1435 et
919 1376 978 1434 voti
1004 1385 1033 1436 et
1059 1377 1160 1436 consili
1186 1380 1230 1436 sui
1256 1379 1381 1455 pretium
1407 1398 1454 1439 res

200 1483 318 1559 publica
339 1478 417 1557 (Ter.
440 1480 531 1558 Andr.
555 1497 581 1556 3,
604 1495 630 1556 5,
654 1495 686 1553 4:
710 1495 767 1553 ego
788 1466 914 1553 pretium
938 1478 976 1535 ob
999 1478 1150 1538 stultitiam
1173 1479 1256 1557 lero).

287 1584 391 1659 Funge'
409 1589 497 1641 morte
524 1588 679 1657 poetarum
701 1598 784 1638 more
806 1588 962 1656 usurpatur
984 1595 1009 1653 2,
1027 1597 1076 1657 49,
1097 1598 1123 1641 ιε
1146 1582 1228 1642 fatali
1250 1592 1319 1643 ante
1340 1583 1454 1642 initium

202 1686 346 1745 bellorum
365 1684 490 1743 civilium
508 1690 602 1741 morte
620 1681 711 1740 iuncti
730 1689 806 1740 sunt.
837 1680 882 1739 Cf.
901 1681 1160 1760 Krebs·Allgayer,
1179 1683 1331 1744 Antibarb.
1350 1686 1396 1746 ed.
1416 1677 1453 1743 V.

202 1807 231 1864 p.
249 1803 309 1863 494
328 1795 358 1844 et
379 1787 433 1845 sub
455 1802 527 1844 voce
549 1784 661 1854 ,fatum‘
684 1802 713 1859 p.
732 1781 800 1857 467.

286 1887 443 1962 Imputare,
466 1886 547 1963 quod
568 1885 690 1943 verbum
713 1882 835 1943 Ovidius
858 1882 935 1962 (met.
957 1901 982 1956 2,
1006 1880 1079 1964 400)
1102 1886 1214 1947 videtur
1237 1906 1368 1955 novasse,
1389 1889 1453 1966 jam

203 1990 271 2049 inde
293 2010 312 2049 a
336 1989 449 2067 Vellejo
472 1988 649 2064 frequentari
670 1994 810 2064 coeptum
833 1995 877 2046 est
903 1988 1009 2047 eadem
1031 1989 1250 2064 significatione,
1278 2010 1336 2068 qua
1363 1994 1456 2050 ascri·

204 2093 279 2163 bere,
302 2093 457 2167 arre‘gnore
479 2096 568 2166 atque
590 2089 620 2148 in
642 2088 754 2147 bonam
776 2096 806 2147 et
827 2090 857 2147 in
875 2090 986 2149 malam
1008 2099 1124 2166 partem
1146 2102 1312 2168 usurpatur.
1350 2092 1456 2152 Exstat

206 2192 280 2252 Vell.
303 2209 327 2262 2,
350 2208 445 2267 23·,·4;
468 2193 492 2251 si
518 2191 582 2268 quis
603 2189 660 2250 hoc
681 2190 841 2250 rebellandi
864 2201 979 2268 tempus
997 2194 1123 2269 imputat
1144 2194 1378 2264 Atheniensibus,
1397 2195 1456 2254 veri

204 2295 324 2370 ignarus
346 2302 390 2352 est
411 2291 487 2366 (Sen.
510 2293 594 2370 phil,
621 2291 737 2365 Quint,
760 2292 848 2364 Tac„
872 2293 946 2352 Plin.
969 2311 1015 2369 ep.
1034 2294 1177 2371 —Apud
1196 2293 1315 2354 Celsum
1338 2296 1457 2373 propria

205 2395 417 2472 significatione
438 2391 572 2472 ponitur).

294 2496 420 2578 Jacteri
440 2499 476 2557 de
498 2497 648 2556 laboribus
670 2505 700 2556 et
721 2497 868 2556 aerumnis
895 2498 925 2556 in
948 2497 1046 2575 primis
1073 2499 1110 2557 de
1137 2500 1282 2558 erroribus
1304 2498 1458 2559 maritimis

206 2599 308 2659 dicitur
332 2618 358 2671 1,
381 2617 409 2671 2,
435 2617 466 2675 3:
491 2601 593 2678 jactati
624 2618 692 2658 cum
719 2600 804 2658 variis
831 2600 947 2659 casibus
978 2601 1080 2677 quinto
1106 2599 1220 2660 decimo
1251 2619 1330 2660 anno
1357 2600 1458 2661 sedem

206 2719 310 2778 cepere
327 2703 405 2761 circa
418 2702 548 2761 Lesbum
566 2703 702 2761 insulam.
736 2701 782 2760 Cf.
801 2703 892 2777 Verg.
909 2703 983 2761 Aen.
1004 2719 1026 2774 1,
1045 2720 1075 2779 3:
1097 2705 1179 2763 terris
1195 2706 1321 2782 jactatus
1339 2712 1369 2763 et
1387 2705 1458 2763 alto.

205 2802 292 2862 Adde
314 2795 374 2863 Cic.
397 2803 434 2862 de
456 2805 514 2862 inv.
536 2819 561 2872 2,
586 2821 630 2880 3ι,
653 2821 704 2881 95;
726 2803 817 2863 Tusc.
840 2820 866 2879 5,
890 2820 915 2874 2,
938 2821 963 2879 5.

291 2897 401 2962 Moliri
428 2923 482 2980 pro
513 2913 660 2964 exstruere
691 2905 808 2980 ponitur
839 2905 996 2982 praecipue
1028 2905 1065 2963 de
1095 2905 1245 2976 aedificiis,
1278 2907 1327 2964 ubi
1358 2906 1456 2965 multis

206 3008 302 3084 operis
323 3007 522 3084 impensisque
544 3024 619 3083 opus
641 3014 686 3066 est
707 3005 795 3082 idque
817 3007 993 3066 vocabulum
1015 3007 1096 3083 apud
1117 3016 1219 3084 poetas
1242 3007 1379 3067 classicos
1402 3007 1459 3067 fre-

209 3110 433 3187 quentissimum
464 3117 517 3168 est.
562 3108 690 3188 Vellejus
722 3109 793 3167 dixit
824 3110 919 3168 moliri
950 3110 1056 3169 aedem
1088 3127 1114 3181 1,
1139 3127 1180 3181 ιι,
1202 3126 1233 3185 5;
1264 3109 1413 3170 theatrum
1436 3129 1460 3183 1,

209 3227 248 3287 ι5,
272 3227 303 3287 3;
322 3212 449 3287 porticus
471 3227 496 3281 2,
522 3228 543 3281 1,
567 3228 582 3270 2
606 3220 636 3271 et
657 3210 732 3282 2‚·8,
755 3228 785 3287 3;
809 3212 950 3288 templum
974 3229 999 3282 2,
1023 3227 1086 3287 130,
1110 3229 1132 3270 1.
1196 3201 1198 3206 ’

291 3313 449 3372 Penetrare
475 3321 610 3388 gentem,
636 3321 746 3372 terram
773 3314 791 3372 i.
819 3332 842 3372 s.
870 3333 898 3390 q.
915 3315 1100 3389 perlustrare
1126 3328 1154 3384 2,
1182 3330 1211 3388 5,
1241 3331 1267 3372 1:
1298 3315 1460 3391 penetratis

208 3413 372 3491 Hispaniae
394 3415 545 3489 gentibus;
568 3423 601 3495 2,
616 3431 668 3489 4ο,
693 3432 718 3474 1:
741 3424 914 3491 penetratae
936 3416 1057 3474 victoria
1074 3414 1183 3485 Media,
1201 3415 1336 3487 Albania,
1359 3415 1457 3484 India;

208 3532 238 3586 2,
262 3532 312 3591 47,
338 3534 365 3575 1:
389 3517 433 3576 bis
454 3526 610 3592 penetrata
631 3517 795 3588 Britannia;
818 3533 848 3588 2,
873 3533 938 3594 105,
964 3535 990 3576 1:
1016 3524 1169 3594 penetrata
1190 3518 1328 3578 ulteriora
1348 3516 1459 3595 (Verg,

207 3618 280 3677 Plin.
304 3618 333 3676 h.
356 3636 384 3675 n
407 3617 434 3688 8,
459 3617 492 3675 16
514 3615 575 3695 (19),
598 3634 650 3694 5ο;
673 3620 754 3679 Suet.
776 3618 862 3678 Caes.
885 3635 932 3694 52;
955 3620 1027 3698 Just.
1049 3634 1093 3692 24,
1113 3636 1141 3691 4,
1164 3620 1200 3696 3).

293 3720 500 3799 Praefulgere,
523 3721 603 3798 quod
625 3720 705 3797 apud
723 3722 887 3797 superiores
909 3731 1012 3796 poetas
1033 3721 1151 3796 proprie
1168 3722 1296 3798 ponitur,
1319 3721 1461 3781 translate

207 3835 364 3900 usurpatur
386 3841 405 3882 a
428 3822 541 3900 Vellejo
564 3823 658 3898 primo
681 3825 756 3882 inter
775 3822 859 3881 solut
881 3823 1005 3881 oration.
1029 3822 1183 3898 scriptores
1212 3840 1237 3894 1,
1263 3840 1309 3897 14,
1335 3839 1361 3881 1:
1385 3842 1460 3911 ,nam

208 3925 376 3984 militarium
398 3921 502 4002 (suppl.
521 3926 711 4001 coloniarum)
733 3934 763 3983 et
784 3942 892 3984 causae
915 3932 944 3984 et
967 3932 1100 3984 auctores
1118 3936 1159 3984 'ex
1181 3926 1310 4001 ipsarum
1331 3923 1461 4000 praesul·

209 4034 280 4102 gent
301 4019 422 4086 nomine
441 4026 532 4104 (Tac,
557 4025 651 4102 Geli).

293 4129 475 4200 Praenr'tere,
504 4127 583 4205 quod
609 4129 732 4187 verbum
758 4127 899 4188 Horatius
920 4125 978 4204 (od.
1004 4145 1028 4199 1,
1052 4144 1109 4204 33,Ι
1129 4127 1158 4202 4)
1184 4126 1297 4186 videtur
1322 4142 1459 4197 novasse,

208 4231 350 4289 translate
367 4239 464 4290 exstat
485 4247 510 4300 2,
534 4247 577 4306 35,
603 4247 630 4288 1:
653 4230 702 4287 ille
724 4230 785 4290 dies
804 4231 938 4290 virtutem
956 4230 998 4289 M.
1017 4228 1140 4289 Catonis
1158 4229 1221 4306 J'am
1242 4227 1339 4285 multis
1361 4226 1392 4284 in
1414 4246 1460 4286 re·

209 4331 264 4391 bus
286 4333 476 4408 conspicuam
499 4342 588 4410 atque
610 4332 824 4409 praenitentem
846 4333 987 4392 altissime
1008 4331 1178 4391 illuminavit
1203 4328 1303 4401 (Halm
1317 4328 1360 4397 ,in
1379 4328 1460 4388 altis·

208 4436 282 4492 simo
313 4435 440 4493 culmine
469 4433 606 4510 locavit‘);
635 4450 665 4504 2,
695 4449 746 4510 39,
768 4450 798 4492 2:
831 4452 955 4510 quarum
986 4433 1116 4509 gentium
1148 4430 1237 4490 titulis
1269 4429 1366 4488 lorum
1397 4432 1458 4508 ejus
