3106 5040
669 260 875 319 ..3,..

232 431 351 490 Morari
369 449 421 508 per
439 432 661 491 translationem
678 425 710 490 in
728 430 923 490 locutionibus
941 447 1001 488 uon
1020 428 1105 487 nullis
1123 439 1277 504 usurpatur
1295 437 1397 488 contra
1472 452 1475 458 ·

74 580 84 597 .
147 534 391 610 consuetudinem
418 533 596 610 optimorum
618 533 790 609 scriptorum
812 547 879 607 pro:
911 533 941 589 in
962 533 1116 589 narranda
1138 531 1205 607 alqa
1226 551 1259 589 re
1284 533 1400 591 versari

148 653 170 701 1,
193 649 219 710 7,
237 651 267 694 21
290 633 361 693 dum
382 635 413 693 111
430 633 555 695 externis
573 651 672 692 moror
689 630 716 709 (1.
735 651 760 692 e.
780 633 850 693 dum
872 633 901 691 in
924 632 1076 692 narrandis
1098 632 1194 702 rebus,
1218 650 1293 708 quae
1315 639 1398 693 extra

146 737 264 797 Italiam
287 735 385 795 factae
406 744 485 805 sunt,
509 733 619 810 versor)
639 719 669 795 et
690 749 716 804 2,
739 751 783 809 41,
807 751 834 792 11
857 724 915 810 qui'
927 731 1106 808 (consulatus
1129 731 1272 809 Caesaris)
1293 752 1397 811 quam·

146 838 216 896 libet
239 836 425 896 festinantem
448 838 478 894 in
500 855 532 895 se
554 837 661 895 morari
683 836 773 912 cogit.
815 835 931 895 Deinde
953 841 1065 894 morari
1091 833 1194 895 dicitur
1216 836 1253 896 de
1275 853 1325 907 eo,
1348 836 1397 913 qui

146 957 198 1016 per
218 939 343 1014 longum
360 951 476 1014 tempus
498 956 604 1001 munus
626 937 776 1014 quoddam
799 938 931 996 obtinere
952 937 1031 1013 cupit
1053 953 1081 1007 2,
1107 954 1148 1008 11,
1171 953 1200 996 21
1229 938 1396 997 criminatus

146 1039 258 1100 Metelli
280 1040 415 1119 morandi
436 1041 467 1098 in
488 1039 616 1116 imperiis
638 1039 838 1115 cupiditatem.
1352 1049 1353 1053 ’

232 1141 384 1217 Perpolire
410 1141 527 1218 propria
549 1142 766 1225 ¹significatione
792 1149 888 1201 exstat
913 1158 942 1212 2,
966 1156 1012 1209 22,
1035 1158 1068 1215 4:
1102 1140 1243 1232 conclusit
1269 1158 1301 1200 se
1331 1140 1397 1200 loco

148 1261 240 1320 nuper
262 1245 344 1304 calce
362 1261 511 1320 arenaque
529 1244 681 1319 perpolito.
691 1242 846 1318 —,Cicero
863 1243 919 1302 hoc
931 1243 1021 1302 verbo
1037 1259 1098 1301 nou
1115 1243 1212 1313 utitur,
1231 1242 1286 1302 nisi
1303 1250 1398 1302 trans·

146 1345 207 1405 lata
230 1346 455 1421 significatioue;
478 1344 679 1414 Ruhnkenius,
698 1353 731 1403 ut
752 1344 875 1420 simplex
892 1345 1013 1404 verbum
1035 1345 1126 1420 polire
1145 1342 1330 1404 scribendum
1351 1343 1397 1413 sit,

131 1449 310 1524 proposuit.

233 1548 435 1609 Praescribam
451 1567 505 1625 pro
519 1567 573 1622 ¹eu,
595 1548 676 1626 quod
697 1559 741 1608 est
766 1551 984 1624 supradicere,
1011 1568 1167 1608 memorare
1188 1565 1216 1614 2,
1240 1564 1287 1622 41,
1312 1565 1339 1606 11
1366 1556 1398 1607 ut

149 1650 395 1726 praescripsimus.
430 1647 606 1710 Ruhnkeuio
629 1651 756 1727 primurn
778 1651 955 1709 observante
975 1659 1027 1709 aut
1048 1668 1084 1709 ex
1107 1649 1260 1727 Vellejana
1282 1648 1398 1709 dicendi

149 1752 360 1812 consuetudine
382 1760 424 1823 ,ut
445 1752 652 1828 praediximus‘
674 1752 859 1812 scribendum
881 1770 946 1811 esse
968 1760 1019 1810 aut
1041 1752 1130 1809 verba
1143 1751 1273 1808 'omnino
1294 1749 1398 1813 tollen·

147 1850 187 1910 da
209 1853 279 1911 mihi
301 1855 441 1930 persuasi.
470 1855 635 1937 'Invenitur
657 1854 918 1933 apud'Vellejum:
945 1861 978 1912 ut
999 1851 1196 1931 praediximus
1219 1868 1245 1920 1,
1268 1867 1300 1924 4,
1325 1865 1350 1919 11
1375 1868 1397 1921 1,

151 1967 195 2022 12,
221 1968 246 2022 1;
271 1970 308 2025 1,·
322 1971 366 2030 15,
389 1971 424 2036 41
445 1971 474 2025 2,
500 1971 544 2026 12,
567 1971 594 2025 21
618 1973 692 2031 quas
714 1955 911 2031 praediximus
933 1971 962 2025 2,
988 1971 1013 2024 1,
1036 1961 1066 2022 21
1090 1971 1179 2030 quern
1200 1951 1398 2029 praediximus

150 2068 180 2124 2,
204 2070 245 2123 11,
271 2070 294 2125 11
317 2055 435 2133 dequo
457 2057 703 2133 praediximusz,
728 2072 775 2132 15,
798 2073 829 2131 3;
857 2056 894 2115 de
916 2057 999 2133 cujus
1021 2055 1176 2120 consulatu
1198 2052 1398 2131 praediximus

149 2157 680 2235 2,1o4,2;qu0spraediximus2,
706 2158 768 2228 108,
791 2172 816 2217 2.

232 2258 420 2337 Proferrei.
443 2279 466 2320 s.
489 2279 517 2337 q.
539 2279 720 2331 commovere,
747 2261 940 2335 r'mpellerez,
960 2258 1022 2330 128,
1046 2276 1078 2333 41
1111 2259 1150 2319 ad
1174 2257 1303 2336 juvanda
1328 2273 1397 2316 vero

119 2363 240 2434 *opera
261 2362 396 2438 principis
418 2361 556 2440 Sejanum
579 2361 705 2439 protulit
741 2360 786 2421 Cf.
809 2361 921 2421 Lucan.
944 2376 969 2432 2,
992 2378 1064 2437 493:
1086 2368 1119 2420 ut
1140 2360 1291 2436 conspicit,
1310 2375 1398 2416 amne

149 2461 254 2547 soluto,
276 2463 372 2539 rumpi
394 2462 505 2527 Caesar
526 2465 579 2524 iter
602 2463 697 2524 calida
719 2465 849 2541 prolatus
872 2465 911 2523 ab
932 2465 985 2523 ira.

234 2562 389 2621 Publr'care
410 2565 621 2640 apudrveteres
643 2566 798 2642 scriptores
819 2567 934 2625 solutae
956 2565 1095 2625 orationis
1118 2563 1244 2622 eandem
1266 2563 1324 2620 vim
1346 2561 1398 2620 ha·

149 2663 207 2732 bet,
231 2681 321 2740 quam
343 2665 373 2724 111
395 2667 573 2742 reipublicae
595 2669 735 2729 ditionem
757 2675 992 2751 potestatemque
1014 2666 1157 2741 redigere,
1185 2664 1322 2741 praeconi
1344 2680 1398 2738 pu·

148 2764 225 2823 blico
254 2767 410 2845 subjicere,
442 2769 523 2845 apud
550 2771 695 2848 Vellejum
722 2771 865 2857 siguificat
893 2770 972 2847 quod
998 2769 1142 2846 privatum
1168 2774 1233 2855 est,
1255 2767 1286 2824 in
1312 2782 1398 2824 usum

149 2866 299 2943 publicum
321 2878 492 2929 convertere
513 2887 539 2942 2,
559 2889 617 2948 114,
635 2890 665 2934 21
688 2874 792 2934 lectica
810 2875 871 2952 ejus
889 2874 1039 2950 publicata
1060 2880 1106 2932 est
1129 2865 1161 2948 [i.
1181 2889 1206 2928 e.
1224 2868 1332 2946 publici
1351 2868 1397 2945 ju·

150 2970 189 3026 ris
217 2966 313 3053 facta]
332 2970 434 3044 (Plaut.
461 2973 624 3048 Bacch,
652 2975 683 3045 8,
711 2991 744 3034 22
765 2973 853 3052 (81131
879 2994 986 3053 corpus
1008 2993 1095 3036 suum
1121 2973 1209 3048 volgo
1235 2970 1397 3048 publicare;

151 3068 224 3128 Tac.
248 3069 350 3145 Germ
374 3088 421 3149 191
448 3075 527 3151 publ.
555 3077 737 3155 pudicitiam,
764 3079 838 3138 Plin.
864 3079 892 3137 h.
919 3099 948 3138 n.
976 3094 991 3154 7
1028 3072 1156 3187 30(31),
1187 3090 1233 3151 115
1259 3083 1289 3134 et
1318 3072 1397 3131 Suet.

100 3168 106 3189 '
150 3168 236 3230 Caes.
259 3187 313 3247 44:
336 3173 544 3236 bibliothecam
565 3178 742 3256 publicare).

233 3273 389 3352 Protegere
410 3277 515 3337 eadem
531 3279 743 3353 significatione
769 3221 874 3340 dicitur
899 3290 984 3357 pert
972 3279 1203 3347 translationem,
1226 3294 1286 3353 qua
1307 3277 1398 3333 celare

148 3389 173 3445 2,
194 3391 259 3445 100,
277 3392 307 3453 5:
330 3377 653 3456 Quinctius'Crispinus
676 3383 854 3459 singularem
877 3383 1037 3459 nequitiam
1059 3380 1213 3458 supercilio
1235 3378 1310 3438 truci
1330 3395 1398 3453 pro·

147 3485 260 3551 tegens.
305 3479 1077 3575 (3101111091,1191111011111111111111111
1095 3483 1398 3565 11011111210104110
1464 3469 1465 3472 ¹

148 3586 262 3652 tegerer
285 3580 358 3657 Just.
381 3583 426 3658 38,
451 3601 472 3655 1,
497 3601 546 3645 101
569 3587 628 3646 risu
650 3588 787 3662 protectis
808 3587 926 3646 insidiis.

233 3679 397 3762 Recurrere
415 3688 560 3765 translate
577 3689 695 3764 ponitur
716 3708 769 3766 pro
787 3692 950 3748 memoratam
964 3691 1047 3767 ,alcjs
1067 3691 1115 3748 rei
1133 3695 1254 3764 repetere
1276 3701 1301 3755 2,
1320 3701 1347 3756 4,
1367 3697 1396 3758 7:

149 3782 186 3841 de
208 3801 268 3860 quo
290 3784 313 3862 si
335 3785 399 3862 quis
420 3789 559 3865 ambiget,
582 3799 713 3850 recurrat
735 3791 774 3851 ad
795 3792 922 3868 priorem
945 3791 1130 3850 consulatum
1152 3791 1224 3867 ejus.
1259 3785 1304 3846 cf.
1323 3785 1396 3844 Plin.
1443 3785 1445 3788 ’

148 3902 218 3960 pan.
240 3884 291 3956 88,
316 3897 365 3947 10:
391 3887 465 3949 haec
487 3893 589 3967 optimi
611 3893 771 3969 appellatio
792 3912 955 3970 numquam
977 3893 1138 3952 memoriae
1159 3889 1312 3949 bominum
1334 3887 1397 3946 sine

146 3997 176 4043 te
198 3994 335 4046 recurret.
497 4048 499 4052 ,

232 4086 414 4167 11211αὲ211
437 4093 517 4168 quod
539 4095 655 4170 proprie
677 4094 821 4171 significat
839 4097 965 4167 obstare,
988 4094 1136 4155 adversari
1152 4092 1296 4153 invenitur
1318 4090 1397 4166 apud

149 4188 292 4267 Vellejum
315 4201 456 4270 sequente
477 4216 512 4254 ne
533 4211 563 4266 2,
585 4213 640 4270 40,
662 4212 692 4272 5:
721 4214 788 4256 cum
815 4198 848 4256 iis
875 4216 943 4274 pars
970 4197 1154 4282 optimatium
1180 4193 1395 4270 refragabatur,
1455 4242 1461 4255 .

148 4307 184 4348 ne
206 4294 350 4368 promissa
371 4298 534 4357 civitatibus
557 4299 595 4356 ad
619 4298 738 4356 arbitria
760 4299 821 4376 ejus
839 4301 1081 4375 persolverentur.
1124 4297 1285 4357 Translata
1307 4295 1396 4370 signi-

146 4391 281 4455 ficatione
302 4398 360 4458 hoc
381 4400 502 4459 verbum
525 4407 620 4459 exstat
641 4398 722 4479 apud
744 4398 816 4459 Plin.
840 4401 868 4459 h.
890 4421 919 4461 n.
944 4417 985 4477 19,
1009 4414 1025 4475 7
1046 4398 1110 4477 (38),
1135 4415 1192 4476 123.
