3106 5040
669 341 708 350 -
753 323 871 384 27..

148 504 374 572 componantur,
398 495 477 572 quod
499 496 529 553 in
545 480 690 555 'adverbio
708 496 764 554 sert
781 514 859 566 usus,
883 497 922 554 ad
940 483 1117 573 adjectivum
1135 495 1315 555 transtulisse
1329 495 1399 553 Vel·

145 598 216 675 lejus
240 597 360 655 videtur.
396 596 441 655 Cs.
467 596 559 654 Hand
582 596 668 656 Turs.
687 597 711 656 l.
731 617 759 674 p.
781 614 837 673 191.
859 629 899 639 -
917 597 985 656 Hoc
1007 598 1073 656 loco
1096 599 1210 657 silentio
1234 614 1294 654 non
1312 613 1397 672 prae·
1477 633 1481 641 -

145 709 258 758 teream
275 697 462 768 locutionem,
481 716 558 774 quae
576 706 620 756 est
638 701 716 757 alius
810 718 904 774 quam,
924 700 954 756 in
973 699 1122 758 sententiis
1140 698 1320 761 affirmativis
1339 715 1398 756 non

145 799 236 858 modo
263 798 343 875 apud
360 799 474 857 Livium
496 808 612 858 exstare
629 795 896 878 (KrebsAllg'ayer,
921 800 1075 859 Antibarb.
1095 800 1141 859 ed.
1161 801 1197 857 V.
1216 819 1246 876 p.
1267 815 1313 857 122
1336 799 1397 857 Liv.

146 919 192 977 39,
216 900 259 971 28,
285 918 296 958 1
321 896 422 976 affert),
446 901 499 958 sed
517 902 580 980 jam
601 901 722 960 inveniri
744 902 812 961 Sall.
835 902 902 981 Jug.
925 901 969 971 82,
993 918 1019 976 3.
1064 901 1150 961 Adde
1172 901 1233 958 Liv.
1258 917 1280 970 1,
1303 899 1349 986 56,
1367 913 1397 975 73
1470 936 1472 941 ·

147 1020 189 1078 31,
205 1017 248 1078 35,
259 1017 288 1077 7;
307 1001 380 1060 Plin.
399 1019 445 1077 ep.
460 1017 484 1071 2,
500 1017 566 1074 4,1;
586 1016 662 1078 7,15,
676 1016 706 1072 21
725 1017 794 1079 pan.
812 1002 857 1077 58.
873 1002 997 1062 -Post
1015 1022 1071 1061 non
1089 1005 1175 1072 aleius,
1194 1005 1266 1076 quid
1280 1003 1365 1060 altird
1379 1020 1398 1060 a

147 1104 289 1163 Cicerone
311 1097 426 1179 semper
447 1105 573 1179 positum
592 1121 657 1162 esse
679 1106 765 1174 ,11111ἰ
787 1105 904 1180 optimis
923 1104 1073 1162 codicibus
1092 1111 1180 1179 patet.
1215 1101 1316 1174 Quare
1333 1120 1397 1160 om-

148 1206 233 1264 nibus
255 1206 336 1274 locis,
363 1221 437 1281 quos
456 1204 590 1263 Klotzius
613 1204 642 1263 in
664 1204 746 1279 lexic.
768 1205 834 1264 Lat.
857 1206 961 1277 attulit,
985 1206 1193 1282 quibusquam
1216 1202 1338 1280 scripsit,
1360 1204 1399 1262 ab
1490 1211 1496 1215 ’

148 1307 271 1365 Halmio
293 1308 378 1377 ,nr'si‘
400 1306 430 1364 in
451 1314 570 1364 textum
593 1306 746 1365 inductum
768 1315 822 1365 est.
865 1307 922 1366 Sed
944 1326 963 1365 a
985 1305 1101 1381 Nepote
1123 1314 1153 1364 et
1174 1304 1257 1363 Livio
1279 1305 1396 1380 saepius

147 1429 202 1467 non
225 1411 303 1466 alz'us
324 1427 436 1483 quam,
450 1408 523 1482 quid
543 1409 627 1465 aliud
645 1427 730 1482 quam
753 1407 868 1479 dicitur,
895 1408 932 1467 ci.
954 1407 1217 1483 Krebs·Allgayer,
1245 1405 1397 1464 Antibarb.

147 1507 193 1565 ed.
214 1509 254 1565 ·V.
281 1527 310 1584 p.
336 1524 392 1566 122.
437 1507 572 1585 Vellejus
594 1509 664 1567 dixit
690 1528 746 1567 non
769 1511 847 1568 ulrice
868 1529 953 1583 quam
976 1525 1005 1578 2,
1031 1525 1072 1579 12,
1095 1525 1125 1578 2;
1149 1524 1177 1578 2,
1201 1519 1247 1582 71,
1270 1522 1301 1577 2;
1328 1510 1401 1583 quid

146 1609 231 1666 alritd
250 1628 335 1683 quam
357 1625 382 1680 2,
406 1625 450 1685 53,
474 1626 501 1683 4.
525 1640 565 1651 -
588 1607 658 1668 Non
680 1612 830 1668 drssr'nu'lzs
851 1629 936 1685 quam
959 1626 984 1680 2,
1007 1625 1049 1686 55,
1073 1626 1098 1667 2.
1134 1641 1137 1648 ·

232 1711 404 1795 Auspz'eatus
426 1731 444 1771 a
466 1710 608 1771 Cicerone
630 1710 668 1770 de
685 1729 727 1796 'eo
749 1711 862 1781 dicitur,
885 1710 966 1787 quod
988 1711 1118 1787 auspicio
1141 1712 1194 1770 rite
1217 1718 1304 1787 capto
1327 1726 1396 1769 con·

145 1820 291 1870 sectatum
314 1823 366 1883 est,
390 1832 408 1872 a
431 1813 545 1890 Vellejo
567 1813 656 1889 plane
678 1831 731 1888 pro
745 1813 862 1891 fausto,
878 1813 971 1891 felici
989 1814 1105 1890 ponitur
1128 1829 1152 1882 2,
1177 1826 1221 1889 79,
1247 1828 1277 1870 2:
1300 1811 1398 1887 auspi·

147 1914 221 1972 catis
238 1915 384 1973 ominibus
406 1915 537 1990 aliquam
556 1915 663 1973 ducere
686 1932 807 1972 uxorem
825 1911 951 1988 (Catuli,
974 1913 1046 1972 Plin.
1069 1915 1146 1991 maj,
1171 1911 1282 1984 Quint,
1305 1910 1397 1985 Tac).

236 2013 361 2072 Cilerrbr
384 2015 498 2090 adiect„
521 2014 602 2090 quod
624 2033 642 2073 a
660 2013 804 2073 Cicerone
826 2021 940 2072 tantum
963 2015 1002 2073 ad
1025 2017 1152 2090 spatium
1173 2015 1306 2083 refertur,
1330 1997 1412 2074 Vel-s

148 2115 220 2192 lejus
243 2115 366 2174 relatum
388 2114 479 2174 habet
501 2115 589 2174 etiam
612 2115 650 2174 ad
673 2123 790 2191 tempus
815 2127 942 2190 1,‘17,2:
965 2123 997 2173 ut
1020 2134 1075 2175 nec
1096 2123 1250 2192 poetarum
1273 2116 1303 2172 in
1324 2113 1399 2171 auti·
1511 2114 1515 2121 '

146 2217 231 2292 quius
259 2218 434 2293 citeriusque
460 2218 602 2294 processit
628 2216 747 2275 ubertas
773 2213 850 2292 (Val.
873 2217 955 2276 Max.
978 2215 1010 2287 6,
1034 2234 1063 2292 3,
1090 2234 1131 2274 111
1163 2216 1326 2275 citeriorem
1349 2213 1398 2272 de·

146 2316 214 2375 licto
237 2319 372 2394 praebuit
394 2319 547 2399 ultionem;
576 2318 608 2390 8,
633 2333 677 2393 15,
702 2335 728 2377 11
759 2318 899 2394 superiori
921 2318 1062 2377 Africano
1089 2318 1260 2377 consulatus
1282 2317 1398 2376 citerior

146 2418 277 2495 legitimo
300 2428 433 2494 tempore
455 2419 541 2479 datus
564 2418 625 2496 est).

237 2520 347 2579 Celeber
357 2521 505 2579 Ciceronis
523 2530 620 2580 aetate
633 2539 750 2597 semper
768 2522 806 2579 de
824 2522 919 2591 rebus,
934 2538 1097 2597 numquam
1116 2521 1153 2578 de
1170 2519 1301 2594 personis
1315 2536 1397 2576 usur·

148 2628 249 2696 patum
265 2621 353 2680 luisse
367 2620 453 2680 docet
462 2622 601 2698 Allgayer
615 2623 645 2680 in
654 2622 770 2680 Krebsii
781 2623 934 2680 Antibarb.
944 2640 972 2697 p.
982 2637 1034 2696 219
1049 2617 1162 2696 (Cicero
1173 2620 1244 2678 dixit
1254 2614 1396 2694 ,nobilis‘).

148 2721 206 2779 Sed
226 2723 288 2799 jam
310 2722 378 2781 inde
400 2741 419 2780 a
441 2723 524 2781 Livio
551 2720 597 2798 (cs.
615 2723 732 2781 Kuehn.
756 2741 783 2798 p.
806 2720 876 2798 340)
898 2722 1013 2781 celeber
1035 2722 1072 2780 de
1095 2722 1273 2792 hominibus,
1296 2722 1346 2797 qui
1368 2722 1397 2780 in

148 2825 260 2883 bonore
282 2833 361 2895 snut,
385 2824 503 2894 dicitur,
531 2825 580 2901 qui
601 2841 672 2883 usus
695 2825 774 2900 apud
797 2824 942 2901 Vellejum
964 2833 1008 2883 est
1032 2825 1293 2900 frequentissimus,
1321 2842 1348 2880 v.
1371 2841 1396 2882 c.

148 2923 1397 3001 apmamuassffiammamnamuaffi3fflm

147 3026 217 3085 Ner.
239 3028 273 3102 7).
905 3021 923 3046 ⁷'
1314 3058 1316 3062 =

234 3127 359 3202 Effusus
380 3113 447 3203 pro:
470 3129 592 3202 amplus,
614 3131 763 3202 spalr'osus,
786 3129 816 3186 in
838 3129 938 3205 primis
961 3128 998 3186 de
1016 3130 1104 3187 maris
1122 3128 1314 3202 amplitudine
1336 3128 1396 3186 sere

148 3229 261 3306 poetice
284 3229 400 3304 ponitur
422 3243 451 3298 2,
474 3244 525 3301 43,
550 3244 576 3285 11
603 3227 809 3286 effusissimum
831 3229 920 3287 maris
943 3228 1083 3287 Adriatici
1105 3230 1210 3287 sinum.
1255 3227 1300 3286 Cf.
1324 3227 1398 3286 Hor.

147 3332 231 3408 epist.
256 3348 281 3401 1,
307 3348 347 3401 11,
370 3328 420 3400 26;
443 3329 518 3388 Tac.
542 3328 643 3388 Germ.
666 3344 715 3402 30.
761 3327 864 3387 Cicero
886 3329 975 3387 utitur
997 3327 1054 3386 hoc
1075 3328 1220 3404 adjectivo
1242 3346 1310 3404 pro:
1326 3339 1398 3404 pro·

138 3433 244 3511 susus,
268 3451 328 3509 qua
345 3431 556 3507 significatione
573 3430 664 3489 etiam
681 3430 761 3506 apud
771 3429 916 3507 Vellejum
935 3437 1031 3488 exstat
1048 3445 1073 3499 2,
1091 3445 1135 3503 41,
1156 3446 1182 3487 1:
1201 3431 1400 3489 munificentia

148 3529 336 3592 effusissimus
358 3530 459 3607 (Halm
482 3541 512 3591 et
533 3533 628 3602 Kritz;
652 3524 868 3590 munificentiae
890 3528 1011 3607 Haase).
1232 3537 1234 3545 '

233 3634 347 3692 Fatalis
369 3652 447 3693 mors
469 3651 494 3706 2,
513 3651 542 3708 4,
562 3634 580 3692 b
603 3643 632 3693 et
654 3650 679 3705 2,
703 3650 782 3710 49,1
807 3643 859 3705 est,
882 3652 960 3710 quae
982 3635 1043 3693 sato
1070 3633 1216 3694 destinata
1238 3634 1399 3694 secundnm
1428 3650 1438 3659 ”

147 3743 285 3793 naturam
308 3736 385 3794 venit
407 3743 436 3794 et
457 3737 615 3812 opponitur
636 3737 790 3795 violentae.
827 3734 871 3794 Cf.
894 3734 967 3795 Plin.
990 3755 1036 3812 ep.
1062 3753 1184 3807 1,12,1.
1220 3736 1296 3795 Fato
1318 3736 1399 3794 obire

145 3833 348 3906 (Germanicez
371 3837 460 3907 ‚eines
480 3837 664 3897 natiirlichen
683 3836 784 3895 Todes
802 3835 938 3913 sterben‘)
956 3837 1031 3897 Tac.
1049 3856 1118 3896 ann.
1139 3853 1181 3910 14,
1201 3835 1250 3924 ⁶²?
1272 3836 1398 3895 fataliter

148 3936 223 3994 mori
244 3936 326 3995 Eutr.
352 3953 377 4008 1,
402 3954 440 3996 11.

232 4038 478 4114 Inexpugnabilri
499 4039 614 4116 adject,
637 4037 717 4115 quod
735 4037 838 4096 Cicero
860 4047 975 4097 tantum
997 4057 1050 4116 per
1072 4028 1293 4098 translationem
1316 4057 1399 4097 usur-

146 4141 226 4216 pavit
246 4136 293 4214 (cs.
316 4139 406 4225 Tusc.
429 4155 459 4215 5,
485 4156 531 4213 14,
554 4137 609 4215 41),
636 4140 755 4217 propria
781 4139 995 4214 significatione
1021 4140 1058 4198 de
1080 4141 1212 4216 personis
1235 4141 1352 4215 ponitur
1373 4157 1398 4211 2,

148 4256 202 4315 115,
218 4257 251 4315 4:
269 4242 377 4318 quippe
391 4242 531 4301 Perustae
545 4250 574 4300 et
587 4241 744 4299 Desitiates
756 4241 952 4316 ...angustiis
967 4241 1093 4299 saltuum
1108 4259 1203 4318 paene
1216 4242 1399 4317 inexpugna·
1504 4288 1507 4300 .

147 4335 218 4402 biles
240 4340 313 4420 (Liv.
335 4360 381 4420 33,
402 4360 441 4420 17,
460 4360 491 4419 9:
514 4342 757 4418 inexpugnabiles
779 4343 883 4419 animi3
905 4336 988 4400 Curt.
1009 4356 1127 4418 3,1,7;
1152 4342 1224 4420 Just.
1248 4357 1291 4418 37,
1315 4359 1343 4416 4,
1362 4340 1398 4418 2).

232 4445 341 4504 Luxus
362 4447 481 4522 propria
499 4429 712 4521 significaitione
729 4444 846 4519 ponitur
864 4459 889 4514 2,
908 4443 951 4514 81,
969 4460 1001 4519 31
1024 4461 1084 4520 9110
1101 4443 1293 4522 laxiorfieret
1309 4445 1399 4520 ipsius
1504 4480 1506 4485 >
