3106 5040
666 269 874 328 „40-

231 438 410 518 Refulgere,
439 439 519 515 quod
541 438 620 515 apud
642 446 753 500 veteres
772 441 927 518 scriptores
949 443 1065 518 proprie
1087 443 1230 518 significat
1245 444 1399 519 fulgorem

147 542 301 611 remittere,
325 541 523 617 resplendere,
550 560 603 619 per
629 542 851 602 translationem
879 552 1035 622 usurpatur
1057 563 1076 602 a
1099 544 1215 622 Vellejo·
1237 554 1398 622 praeeunte
1463 589 1472 607 .

146 642 297 720 Propertio
313 639 357 718 (3,
382 642 423 714 18,
446 642 473 718 8)
495 639 552 719 ρτσ
569 647 685 703 renasci
703 661 727 715 2,
749 661 811 720 103,
834 661 864 721 5:
887 653 949 704 tum
971 647 1083 706 refulsit
1099 655 1181 706 certa
1203 665 1270 724 spes
1291 647 1398 707 libero·

146 745 413 821 rum'parentibus,
444 745 511 805 viris
532 729 796 805 matrimoniorum.
827 746 873 806 Cf.
896 746 970 806 Plin.
992 748 1020 807 h.
1042 767 1072 807 n.
1093 764 1136 825 35,
1160 765 1179 825 9
1201 746 1265 826 (36),
1289 749 1345 808 60:
1367 751 1397 810 in

148 847 252 924 quibus
270 849 380 924 primus
402 848 515 909 refulsit
536 847 743 924 Apollodorus.
812 878 813 882 ,

231 947 376 1025 Relegare
401 951 480 1028 apud
503 951 630 1027 optimos
656 951 810 1027 scriptores
836 951 962 1010 eandem
985 952 1043 1010 vim
1070 952 1173 1023 habet,
1200 971 1290 1030 quam
1311 973 1330 1012 a
1352 971 1398 1012 re·

146 1050 264 1126 publica
285 1069 447 1122 removere,
470 1071 530 1129 qua
551 1053 641 1110 utitur
663 1053 790 1131 Vellejus
813 1068 842 1123 2,
865 1070 916 1130 45,
938 1069 971 1127 4;
995 1069 1025 1130 2,
1048 1069 1118 1125 100,
1142 1069 1174 1130 5;
1199 1074 1251 1132 per
1272 1055 1398 1114 transla-

146 1152 256 1211 tionem
279 1163 436 1230 usurpatur
457 1172 510 1229 pro
533 1157 700 1231 assrgnara
723 1157 891 1228 attribuere,
914 1158 1083 1236 transferre
1104 1173 1134 1227 2,
1157 1173 1210 1232 44,
1234 1173 1262 1216 2:
1290 1157 1397 1217 invidia

146 1254 310 1314 communis
332 1256 480 1331 potentiae
502 1257 532 1315 in
554 1256 636 1315 illum
659 1252 853 1336 (Pompeium)
874 1258 1018 1334 relegata;
1041 1275 1066 1329 2,
1086 1258 1134 1333 64,
1153 1274 1183 1318 2:
1206 1259 1345 1319 invidiam
1367 1269 1397 1319 et

147 1361 298 1415 auctorem
320 1357 481 1434 relegabat.
526 1357 571 1416 Cf.
594 1357 695 1431 Quint.
718 1375 748 1436 7,
772 1377 806 1434 4,
831 1377 876 1436 13:
903 1361 1049 1420 interdurn
1076 1360 1164 1438 culpa
1190 1361 1220 1419 in
1246 1361 1397 1420 hominem

145 1456 310 1532 relegatur;
330 1457 357 1517 6.
375 1477 505 1536 prooem.
525 1458 544 1536 ξ
565 1477 610 1536 13:
633 1462 734 1520 omnia
755 1462 794 1521 ad
816 1463 926 1523 crimen
945 1464 1080 1524 fortunae
1098 1462 1273 1538 relegamus.
1300 1462 1397 1530 Livius

145 1557 203 1618 hoc
224 1578 311 1619 sensu
333 1561 440 1633 verbo,
468 1562 547 1638 quod
570 1571 615 1622 est
636 1562 781 1640 delegare,
804 1565 900 1636 utitur,
923 1565 1002 1624 velut
1023 1582 1052 1641 5,
1075 1580 1126 1636 20,
1150 1581 1182 1640 9:
1208 1564 1346 1623 invidiam
1368 1570 1398 1622 et

146 1655 269 1721 'crimina
290 1662 431 1740 delegare
453 1663 492 1722 ad
514 1672 662 1734 senatum;
686 1664 733 1736 28,
756 1680 805 1740 42,
831 1681 875 1743 15:
902 1666 1026 1726 adversa
1048 1667 1164 1727 casibus
1189 1664 1305 1725 incertis
1328 1664 1396 1723 belli

148 1769 178 1820 et
201 1762 336 1824 fortunae
357 1764 504 1842 delegare.

230 1862 395 1940 Rependere
420 1869 490 1944 alqd
509 1870 576 1945 alqa
599 1887 632 1927 re
657 1885 712 1946 pro
734 1885 770 1927 eo
792 1867 922 1944 ponitur,
949 1869 1029 1947 quod
1051 1870 1131 1947 apud
1153 1866 1325 1928 Ciceronem
1348 1865 1395 1942 (de

145 1975 218 2024 orat.
242 1981 270 2034 2,
290 1965 339 2043 67,
354 1967 448 2045 2691-
462 1987 516 2046 pro
544 1971 640 2047 capite
672 1988 777 2029 aurum
803 1970 973 2047 rependere)
998 1981 1043 2032 est
1068 1969 1229 2048 rependere
1251 1967 1320 2045 alqd
1342 1978 1396 2044 pro

130 2065 215 2143 'alqa
233 2086 265 2127 re
282 2085 307 2139 2,
326 2070 354 2141 6,
372 2085 407 2147 '52
430 2072 510 2148 quod
533 2073 635 2149 capitis
657 2090 718 2131 non
741 2073 838 2132 dicam
856 2071 992 2144 Gracchi,
1016 2074 1068 2133 sed
1090 2074 1159 2133 civis
1182 2072 1310 2131 Romani
1331 2087 1398 2146 pre·

145 2170 219 2229 tium
246 2188 278 2230 se
308 2171 445 2232 daturum
472 2174 560 2250 idque
587 2190 659 2233 auro
687 2192 879 2249 repensurum
905 2175 1065 2250 proposuit.
1109 2173 1224 2232 Eadem
1250 2180 1396 2231 structura

145 2271 289 2330 invenitur
320 2273 388 2333 Val.
421 2274 503 2334 Max.
531 2290 564 2350 9,
592 2291 628 2348 4,
652 2290 683 2351 3;
714 2276 787 2334 Plin.
814 2276 843 2334 h.
870 2294 899 2334 n.
921 2292 971 2352 33,
1002 2292 1019 2351 3
1050 2273 1115 2354 (14),
1147 2274 1185 2348 48
1215 2274 1261 2348 (de
1291 2275 1398 2334 eodem

147 2371 405 2434 Gracchosermo
427 2377 484 2452 fit).-

229 2475 397 2553 Repudr‘are
419 2479 456 2538 de
478 2480 565 2539 rebus
588 2479 765 2556 nuptialibus
789 2480 892 2539 dicitur
914 2495 939 2550 2,
961 2495 1006 2552 41,
1030 2495 1058 2538 2:
1081 2481 1163 2557 cujus
1185 2477 1274 2538 filiam
1296 2488 1329 2537 ut
1351 2497 1396 2537 re·

148 2578 283 2654 pudiaret
304 2581 441 2657 compelli
463 2599 522 2640 non
545 2588 661 2657 poterat
682 2578 793 2656 (Plaut,
817 2580 897 2652 Ter,
920 2581 1009 2652 Suet,
1032 2577 1099 2658 ab).

234 2684 447 2742 Transcendere
468 2684 627 2742 insolenter
649 2683 753 2744 dicitur
775 2700 842 2760 pro:
864 2684 987 2743 transire
1009 2683 1039 2741 in
1060 2682 1210 2741 narrando
1233 2699 1257 2753 2,
1278 2699 1341 2759 ι3ο,
1364 2699 1396 2758 3:
1442 2685 1444 2694 '

145 2794 176 2843 ut
199 2785 237 2842 ad
260 2785 373 2862 majora
395 2784 612 2844 transcendam.
657 2784 702 2845 Cf.
726 2783 826 2857 Quint.
850 2798 874 2859 7,
900 2801 922 2854 1,
945 2799 981 2842 22>
1001 2783 1040 2844 ad
1062 2783 1172 2842 leviora
1193 2784 1396 2855 transcendam

144 2885 224 2963 Hyg.
250 2886 330 2962 apud
356 2884 432 2944 Gell.
458 2886 500 2956 16,
523 2885 551 2955 6,
576 2901 621 2961 15:
644 2904 681 2944 ex
702 2887 815 2944 minore
837 2893 935 2944 aetate
953 2887 982 2945 in
1004 2887 1147 2964 majorem
1169 2887 1395 2946 transcendisse.

233 2986 418 3064 Transgrede'
437 2994 539 3046 contra
562 2987 804 3052 consuetudinem
830 2988 1008 3062 optimorum
1030 2987 1206 3064 scriptorum
1219 2994 1396 3068 ¹per-trans·

145 3089 286 3149 lationem
308 3092 427 3167 ponitur
448 3107 502 3165 pro
524 3091 665 3165 excedere,
690 3090 854 3163 praeterere
875 3103 901 3159 2,
924 3101 948 3164 7,
971 3104 1002 3147 2:
1028 3091 1137 3166 quippe
1164 3090 1276 3167 juvenis
1299 3091 1396 3166 specie

145 3193 291 3252 excellens
312 3193 439 3251 necdum
457 3191 727 3250 duodevicesimum
745 3208 858 3249 annum
875 3199 1075 3266 transgressus
1088 3189 1165 3266 (Sall.
1184 3190 1249 3249 hist.
1266 3191 1322 3249 inc.
1340 3189 1380 3248 80
1386 3206 1393 3260 ;

144 3295 211 3373 Val.
234 3293 325 3366 Max,
348 3294 421 3354 Plin.
444 3293 532 3373 mai).
563 3292 678 3352 Deinde
699 3292 757 3351 hoc
769 3292 945 3351 vocabulum
964 3291 1090 3352 eandem
1112 3293 1171 3350 vim
1188 3293 1285 3363 habet,
1304 3309 1394 3368 quam

143 3399 253 3455 silentio
269 3400 433 3471 praeterere
458 3412 483 3466 2,
508 3395 571 3466 108,
594 3411 622 3454 2:
646 3394 726 3454 nulla
749 3393 896 3453 festinatio
918 3394 1002 3471 hujus
1024 3395 1075 3452 viri
1097 3393 1276 3452 mentionem
1299 3402 1394 3452 trans·

144 3499 228 3575 gredi
246 3498 344 3558 debet.
380 3499 425 3559 Cf.
444 3499 532 3575 Apul.
551 3499 588 3558 de
606 3470 707 3572 magia
725 3511 774 3572 74:
793 3497 906 3554 utinam
924 3495 1041 3554 hercule
1058 3512 1176 3571 possem
1194 3513 1271 3575 quae
1290 3493 1394 3554 deinde

145 3600 270 3661 dicenda
292 3609 360 3659 sunt
382 3601 443 3660 sine
466 3602 596 3659 maximo
617 3615 726 3657 causae
749 3596 902 3672 dispendio
923 3595 1096 3671 transgredi.
1254 3660 1255 3664 ¹
1344 3623 1346 3628 v

233 3702 422 3762 Tumultueri
444 3701 620 3759 vocabulum
643 3686 670 3758 a'¹
685 3715 819 3757 sermone
846 3698 986 3758 castrensi
1013 3695 1201 3775 desumptum
1222 3698 1302 3775 apud
1324 3698 1395 3758 Vel-

143 3804 233 3882 leJ’um
260 3823 328 3864 eum
351 3805 507 3881 significat,
535 3802 585 3879 qui
607 3801 734 3859 incertus
756 3805 812 3868 est,
840 3806 938 3856 utrum
960 3799 1046 3871 hanc,
1069 3818 1109 3860 an
1131 3800 1211 3860 illam
1237 3817 1394 3877 personam

143 3913 216 3982 agat
237 3922 267 3978 2,
290 3921 340 3983 79,
363 3922 393 3982 5:
421 3905 491 3964 dum
514 3905 589 3963 inter
616 3903 721 3961 ducem
744 3908 774 3960 et
795 3901 958 3978 supplicem
979 3902 1182 3963 tumultuatur.
1218 3901 1394 3972 ,Tamultus

143 4026 233 4085 saepe
260 4009 363 4068 dicitur
385 4008 422 4066 de
450 4007 539 4066 animi
565 4013 661 4074 motu,
688 4010 721 4061 ut
742 4001 816 4060 Hor.
840 4002 888 4060 od.
911 4018 940 4073 2,
966 4002 1012 4074 16,
1038 4019 1085 4064 10:
1113 4022 1208 4082 neque
1234 4002 1393 4061 consularis

39 4180 42 4194 Ι
143 4118 307 4170 summovet
328 4110 412 4169 lictor
434 4109 546 4178 miseris
568 4104 708 4166 tumultus
730 4105 846 4164 mentis.
891 4105 1026 4165 Eandem
1048 4107 1138 4166 animi
1165 4105 1330 4184 agitionem*
1351 4103 1393 4161 sic

80 4242 85 4252 ·
143 4215 283 4287 expressit
305 4213 456 4272 Sallustius
479 4211 546 4291 Jug.
567 4222 614 4284 25,
638 4206 672 4265 6:
699 4215 780 4264 metu
802 4214 892 4283 atque
915 4207 1032 4266 libidine
1054 4207 1184 4267 divorsus
1206 4206 1392 4282 agitabatur‘.

143 4312 343 4374 Ruhnkenius.

235 4413 335 4474 Vem'n
357 4419 387 4475 in
410 4416 490 4492 alqm
512 4414 670 4474 insolenter
693 4409 796 4469 dicitur
814 4428 867 4487 pro
889 4400 1078 4487 supervenere,
1101 4409 1219 4466 adoriri
1233 4424 1258 4478 2,
1278 4424 1343 4485 109,
1361 4425 1392 4484 3:
