3106 5040
670 311 868 362 ''211“

145 491 238 546 semet
264 485 327 560 ipsa
354 484 400 542 ab>
419 483 483 542 aliis
510 489 720 570 separaverunt
745 480 816 559 (Liv.
846 498 872 550 1,
896 496 940 557 15,
964 494 980 556 7
1007 496 1086 537 nunc
1112 475 1238 547 editores
1266 473 1398 552 profecto

145 605 198 662 pro
223 585 355 663 prosectu
377 584 562 661 scripserunt,
585 582 659 666 Col,
681 584 748 642 Sen.
771 600 826 659 ep,
848 581 958 653 Quint,
981 581 1055 639 Plin.
1079 598 1134 656 ep,
1156 577 1252 656 Suet).

231 688 357 760 Pythius
378 704 432 761 pro
454 685 637 745 substantivo
653 664 712 760 ‘pro
734 701 780 755 eo,
804 682 884 761 qnod
907 691 951 742 est
973 682 1052 758 apud
1070 681 1257 741 Ciceronem:
1279 678 1399 757 Pythius

144 787 252 866 Apollo
274 789 319 847 vel
338 794 427 858 vates,
451 787 531 864 apud
549 786 643 846 solum
661 785 808 864 Vellejnm
827 784 939 845 videtur
961 792 1077 849 exstare
1097 800 1118 855 1,
1136 798 1161 853 2,
1183 798 1209 840 1:
1231 779 1398 856 respondis·

146 899 249 966 setque
270 889 398 966 Pythius.
1309 949 1313 953 ,

233 990 364 1065 Scalptor
386 990 490 1049 dicitur
511 990 544 1061 is,
568 989 617 1067 qui
635 1006 784 1049 marmora
802 990 905 1064 scalpit
925 987 952 1064 (a
974 988 1063 1047 verbo
1081 988 1233 1062 scalpendi,
1256 982 1336 1061 quod
1358 984 1401 1044 le·

146 1093 224 1168 gitur
245 1110 306 1151 uno
332 1092 398 1151 loco
424 1091 504 1167 apud
526 1091 588 1152 Cic.
612 1090 649 1151 de
671 1099 731 1149 nat.
753 1090 832 1149 deor.
849 1105 883 1159 22,
903 1104 955 1164 50,
982 1087 1043 1164 150)
1067 1105 1092 1159 1,
1118 1102 1169 1162 17,
1184 1103 1219 1161 4:
1241 1087 1298 1145 hoc
1320 1085 1398 1156 idem

146 1194 276 1252 evenisse
297 1193 513 1268 grammaticis,
537 1191 646 1269 plastis,
669 1192 840 1266 pictoribus,
864 1191 1057 1268 scalptoribus
1080 1189 1211 1267 quisquis
1233 1196 1399 1263 temporum

145 1295 279 1354 institerit
300 1294 376 1354 notis
398 1295 523 1370 reperiet
543 1293 626 1368 (Ptin.
648 1293 716 1370 maj.
739 1290 879 1366 stanin).
915 1292 984 1352 Hoc
1005 1291 1181 1350 vocabulum
1201 1291 1264 1368 jam
1285 1296 1400 1363 tempo·

145 1396 232 1466 ribus,
256 1413 332 1472 quae
354 1403 422 1454 sunt
443 1403 513 1454 ante
533 1395 686 1472 Vellejum,
708 1411 763 1458 usn
785 1395 885 1453 tritum
903 1394 1001 1465 inisse,
1024 1403 1207 1470 quamquam
1229 1390 1304 1449 forte
1325 1407 1398 1465 qua·

146 1497 215 1556 dam
237 1515 297 1556 non
318 1502 416 1556 exstat
438 1497 468 1554 in
490 1496 612 1572 scriptis,
635 1514 712 1573 quae
730 1495 769 1562 ad
791 1503 922 1562 nostram
945 1503 1073 1562 aetatem
1096 1498 1328 1571 permanserunt,
1352 1508 1399 1549 su·

146 1599 319 1676 spicandum
342 1606 394 1659 est.

236 1702 445 1760 Transcursur.
474 1700 603 1778 Velleius
617 1701 727 1776 primus
742 1698 910 1775 frequenter
924 1700 980 1758 hac
994 1716 1066 1756 voce
1079 1692 1168 1756 utitur
1181 1695 1219 1755 ad
1234 1694 1401 1770 significan·

146 1804 215 1866 dam
233 1803 367 1862 dictionis
389 1820 461 1862 snae
482 1802 664 1872 brevitatem,
688 1806 720 1860 ut
738 1817 762 1872 2,
782 1799 829 1871 86,
854 1817 881 1865 r:
904 1801 968 1877 quis
991 1801 1020 1859 in
1042 1799 1099 1865 hoc
1120 1806 1288 1856 transcursu
1311 1795 1398 1852 artati
1495 1844 1503 1857 ,

145 1905 241 1980 operis
271 1905 437 1979 exprimere
468 1901 595 1962 audeat?
627 1919 656 1973 2,
683 1918 732 1979 55,
761 1918 787 1961 1:
814 1910 927 1980 quanto
953 1901 1054 1959 omnia
1080 1907 1248 1959 transcursu
1274 1896 1401 1963 dicenda

146 2015 226 2075 sunt;
249 2021 275 2075 2,
299 2022 347 2080 99,
370 2021 403 2076 4:
430 2004 501 2063 illud
524 2005 613 2063 etiam
637 2005 666 2062 in
693 2005 750 2063 hoc
776 2013 944 2063 transcursu
967 2001 1124 2064 dicendum
1147 2006 1191 2065 est
1213 1995 1297 2077 (Plin.
1321 1997 1348 2056 h.
1372 2016 1400 2054 n.

148 2122 173 2180 3,
197 2120 214 2180 5
236 2103 287 2182 (ὁ),
310 2121 361 2181 39;
387 2100 580 2181 18,13(34),
609 2103 677 2183 126).
721 2105 778 2164 Pro
805 2106 1020 2162 transcursione
1047 2108 1204 2187 usurpatur
1229 2099 1309 2176 apud
1334 2099 1400 2168 San.

146 2216 258 2283 quaest.
280 2215 342 2265 nat·
364 2222 389 2276 2,
413 2221 437 2281 7,
462 2222 488 2276 1;
510 2207 588 2266 Suet
611 2208 688 2281 Aug.
704 2219 763 2283 90.
782 2237 822 2250 —

231 2308 287 2368 His
309 2309 428 2367 vocibus
450 2309 539 2368 etiarn
558 2309 721 2385 superiores
738 2309 902 2384 scriptores
921 2307 974 2366 sed
992 2306 1055 2365 aliis
1073 2304 1334 2381 significationibus
1356 2305 1400 2362 usi

116 2410 118 2413 ’
146 2418 227 2478 sunt:
518 2389 520 2393 ‚

231 2511 319 2568 Actus
341 2511 420 2584 apud
447 2517 559 2568 veteres
587 2511 742 2594 scriptores
769 2510 942 2586 plerumque
970 2507 1126 2585 usurpatur
1152 2508 1182 2567 in
1207 2506 1403 2571 locutionibus

147 2629 165 2668 a
188 2629 277 2669 scena
299 2611 404 2686 petitis,
427 2610 478 2668 sed
492 2609 581 2684 ¹apud
598 2604 768 2684 argenteae,
791 2628 868 2686 quae
890 2618 1020 2680 vocatur,
1042 2610 1148 2669 aetatis
1170 2609 1326 2684 scriptores
1348 2627 1401 2684 po·
1441 2592 1443 2597 ’

147 2713 223 2770 nitur
246 2712 283 2770 de
305 2711 441 2771 omnibus
469 2710 530 2772 sere
556 2712 691 2787 negotiis.
735 2713 782 2779 Sic
809 2729 869 2770 uno
897 2712 964 2771 loco
992 2712 1072 2788 apud
1094 2710 1239 2788 Vellejum
1268 2709 1402 2770 absolute

147 2821 242 2874 exstat
259 2830 285 2884 2,
309 2829 365 2889 127,
390 2830 421 2887 4:
449 2812 585 2875 Tiberius
609 2806 722 2872 Caesar
743 2814 883 2890 Sejanum
906 2813 1023 2878 Aelium
1050 2812 1230 2888 singularem
1257 2813 1402 2888 principa·

145 2915 214 2973 lium
238 2932 360 2991 operum
382 2915 547 2992 adjutorem
569 2916 599 2974 in
616 2915 718 2975 omnia
740 2915 837 2986 habet,
860 2915 953 2975 virum
971 2916 1132 2975 severitatis
1150 2914 1337 2984 laetissimae,
1360 2913 1402 2976 hi·
1444 2940 1455 2955 ·
1480 2983 1482 2993 ,

113 3063 121 3078 .
147 3016 268 3074 latitatis
291 3017 416 3090 priscae,
444 3025 512 3075 actu
534 3017 633 3076 otiosis
655 3017 833 3076 simillimum
855 3015 932 3092 (Sen.
955 3017 1037 3093 phil,
1067 3016 1183 3088 Quint„
1211 3015 1299 3085 Tac,
1327 3014 1401 3079 Ptin.

148 3133 202 3192 ep,
225 3115 319 3186 Suet.;
343 3114 404 3175 Cic.
427 3117 464 3175 de
486 3116 565 3191 legg.
589 3133 610 3187 1,
636 3134 672 3187 11,
696 3134 728 3191 31
752 3136 831 3176 nnnc
854 3118 961 3193 legitur
983 3135 1036 3194 pro
1059 3119 1154 3193 pravis
1177 3118 1303 3176 actibus:
1326 3133 1402 3191 ,pra-

150 3212 313 3292 vitatibus').
357 3216 453 3294 Hujus
476 3217 555 3285 vocis
577 3218 727 3276 notionem
749 3236 801 3293 per
823 3217 902 3278 hunc
923 3219 1080 3277 verborum
1102 3219 1246 3276 ambitum
1269 3217 1402 3292 exprimit

147 3319 269 3394 scriptor
292 3328 391 3378 noster
413 3334 442 3389 2,
466 3317 516 3394 98,
540 3335 571 3392 3:
599 3319 648 3393 qui
669 3335 747 3394 quae
761 3319 887 3407 agenda
909 3327 977 3379 sunt
1003 3327 1086 3378 curet
1108 3321 1170 3381 sine
1192 3319 1252 3378 ulla
1274 3325 1403 3377 ostenta·
1504 3333 1506 3336 ·

148 3421 228 3480 tione
250 3421 367 3495 agendi.
696 3482 700 3488 ,

231 3522 391 3596 Amplexus
413 3522 622 3598 praeeuntibus
645 3521 739 3597 poetis
757 3521 830 3598 (Ov,
854 3521 956 3599 Verg.)
977 3522 1142 3598 frequenter
1167 3523 1270 3582 dicitur
1292 3522 1329 3581 de
1351 3524 1404 3583 ho·

147 3621 274 3679 minibus
292 3631 322 3687 et
343 3631 387 3680 est
409 3623 517 3682 amoris
540 3631 569 3682 et
592 3624 813 3683 benevolentiae
835 3625 1021 3699 significatio,
1042 3632 1074 3682 ut
1091 3641 1116 3695 2,
1142 3641 1199 3700 123,
1223 3642 1254 3701 3:
1276 3635 1339 3684 tum
1357 3643 1403 3686 se·

148 3739 248 3779 curum
281 3740 313 3781 se
338 3723 489 3797 Augustus
519 3725 695 3799 praedicans
726 3725 979 3801 circumfususque
1014 3727 1198 3803 amplexibus
1225 3726 1327 3785 Tiberi
1359 3728 1403 3785 sui

147 3816 278 3881 animam
305 3823 388 3881 caelo
418 3823 543 3883 reddidit
569 3823 692 3903 (Quint,
721 3827 810 3898 Tac,
837 3828 930 3897 Suet,
959 3827 1059 3888 Valer.
1086 3827 1229 3903 Flaccus).
1278 3827 1339 3888 Cic.
1366 3829 1404 3887 de

147 3923 232 3982 divin.
262 3941 287 3993 1,
312 3923 363 3997 36,
393 3939 428 3999 79
451 3926 507 3983 hoc
534 3929 679 3986 vocabulo
706 3928 743 3986 de
769 3936 906 4004 serpente
933 3929 1022 3988 utitur
1049 3927 1199 4006 (serpentis
1228 3927 1399 4005 amplexus);

145 4043 197 4101 per
229 4025 447 4084 similitudinem
479 4028 567 4086 etiam
595 4047 613 4087 a
639 4029 722 4087 Livio
753 4041 912 4106 usurpatur
938 4030 989 4105 36,
1022 4046 1064 4105 17,
1095 4045 1137 4105 15:
1171 4031 1221 4107 qui
1247 4029 1405 4106 (Oceanus)

145 4127 248 4184 orbem
271 4133 415 4185 terrarum
438 4127 576 4202 amplexu
598 4131 660 4188 finit
681 4128 785 4202 (Lucr,
809 4130 882 4190 Plin.
905 4131 992 4210 mai).

232 4229 363 4287 Anticus.
399 4229 534 4287 Antaeum
553 4229 656 4288 labere
678 4248 745 4306 pro:
768 4235 799 4291 in
821 4237 918 4292 aninlo
940 4234 1052 4308 labere,
1075 4236 1105 4291 in
1124 4236 1251 4302 animum
1269 4236 1407 4299 abducere

148 4337 241 4388 exstat
258 4346 284 4399 2,
304 4347 331 4402 4,
351 4347 383 4405 4:
406 4330 563 4406 respondit,
586 4331 612 4389 si
631 4331 655 4389 is
677 4334 871 4408 occupandae
890 4334 1068 4409 reipublicae
1091 4335 1222 4394 animum
1245 4334 1403 4403 habuisset,

145 4431 211 4507 jure
221 4431 491 4491 caesum-Haec
505 4432 631 4491 elocutio
643 4433 726 4508 apud
736 4435 848 4493 nullum
859 4435 948 4493 alium
964 4435 1135 4509 scriptorem
1150 4435 1269 4494 inveniri
1284 4435 1403 4494 videtur.
