3106 5040
674 286 877 345 ..23-

150 469 258 529 domus
285 466 382 545 (Hor,
408 472 510 546 Verg„
538 471 607 530 Sall.
635 472 701 531 bist.
724 489 754 547 3,
779 487 809 547 71
834 474 885 544 D.,
901 472 1004 549 post).
1048 472 1152 533 Cicero
1174 472 1230 533 hac
1253 492 1325 533 voce
1346 493 1408 533 non

151 571 251 641 utitur,
276 573 329 630 nisi
352 591 404 648 per
426 574 658 632 translationem.

238 671 396 733 Mediocris
418 673 521 733 dicitur
548 675 585 733 de
612 676 720 750 gradu,
749 694 808 752 quo
835 676 968 736 homines
995 678 1070 736 inter
1097 694 1130 736 se
1152 676 1289 735 differunt
1311 685 1340 736 et
1361 685 1408 737 est

149 792 205 850 pro
227 777 357 850 ignobili,
380 795 436 834 non
455 778 568 835 illustri
586 793 611 846 2,
634 793 676 847 22,
700 793 729 836 2:
752 796 849 855 neque
870 779 987 838 licentia
1008 777 1175 853 gladiorum
1197 779 1227 836 in
1250 777 1405 839 mediocris

146 871 263 950 (,Leute
285 895 341 935 von
370 877 517 937 nied‘erem
540 877 668 953 Stande‘)
694 881 849 949 saevitum,
877 880 929 939 sed
956 861 1144 940 excelsissimi
1170 898 1289 958 quoque
1316 889 1407 958 atque

149 978 373 1037 eminentissimi
396 979 518 1038 civitatis
540 981 592 1039 viri
614 982 928 1059 variissuppliciorum
951 982 1109 1057 generibus
1128 981 1234 1041 affecti.
1266 981 1312 1040 Cf.
1332 981 1406 1059 Just.

152 1094 175 1147 1,
198 1095 226 1151 4,
249 1097 281 1153 4:
304 1079 444 1156 Cambysi
467 1081 606 1140 mediocri
628 1084 690 1142 viro
712 1083 801 1142 filiam
823 1085 853 1142 in
876 1083 1096 1142 matrimonium
1119 1078 1245 1142 tradidit.

237 1181 343 1240 Novus
365 1183 484 1260 adjeci„
511 1182 592 1259 quod
614 1201 633 1242 a
655 1183 798 1244 Cicerone
819 1178 936 1261 semper
957 1185 995 1244 de
1016 1185 1148 1260 personis
1176 1192 1345 1260 usurpatur,
1372 1192 1406 1243 ut

148 1282 230 1357 apud
246 1283 323 1343 Veli.
342 1299 370 1356 2,
391 1300 452 1360 105,
471 1301 496 1355 2,
516 1284 646 1363 Vellejus
669 1288 778 1363 primus
796 1287 909 1346 videtur
928 1287 1111 1346 transtulisse
1129 1285 1168 1346 ad
1186 1304 1231 1346 res
1249 1301 1274 1356 2,
1295 1270 1356 1355 120,
1377 1303 1404 1344 11

99 1444 102 1448 ,
150 1401 228 1442 nava
250 1385 380 1462 virilique
402 1404 493 1462 opera
515 1384 571 1461 (Sil.
590 1386 655 1446 Ital.
676 1404 697 1458 1,
716 1403 787 1464 549:
810 1389 988 1458 rudimenta;
1014 1402 1041 1464 7,
1059 1403 1130 1463 3501
1153 1385 1256 1464 timor).
1288 1386 1405 1446 Lectio·

148 1503 219 1544 nem
244 1491 385 1561 ‚gnavus‘‚
408 1506 486 1564 quae
508 1488 612 1547 melior
633 1487 747 1548 videtur
768 1507 845 1558 esse,
868 1491 978 1566 recepit
1000 1489 1146 1548 Halmius.

242 1587 353 1659 Tenon,
372 1607 431 1665 quo
449 1589 594 1649 vocabulo
613 1588 717 1649 Cicero
735 1608 786 1666 per
804 1591 1028 1649 translationem
1047 1591 1136 1650 utitur
1155 1589 1215 1650 fere
1233 1607 1286 1667 pro
1304 1596 1403 1666 parde,

149 1705 253 1758 avaro,
277 1707 296 1749 a
319 1689 433 1768 Vellejo
455 1692 571 1768 ponitur
589 1692 710 1767 'proprie
732 1690 769 1749 de
792 1708 835 1760 eo,
860 1690 940 1767 quod
961 1691 1045 1750 firme
1066 1697 1155 1761 tenet,
1178 1698 1207 1749 et
1230 1708 1299 1749 cum
1321 1692 1405 1766 geni-

148 1789 207 1847 tivo
230 1791 417 1866 conjungitur
438 1809 468 1862 2,
491 1809 540 1868 29,
564 1808 593 1867 31
617 1791 811 1850 amicitiamm
834 1799 936 1861 tenau;
960 1808 988 1860 2,
1011 1791 1062 1866 84,
1085 1808 1115 1866 31
1137 1792 1251 1852 Dellius
1273 1792 1401 1867 exempli

145 1894 193 1950 sui
216 1901 306 1952 tenax
327 1893 428 1967 (Poet,
451 1895 521 1964 Liv.,
545 1893 672 1970 poster).
697 1925 736 1936 -

235 1994 302 2072 Jam
325 1995 405 2071 apud
427 1997 589 2071 superiores
613 1997 768 2072 scriptores
786 1996 889 2055 iisdem
907 1996 1175 2071 significationibus,
1198 1996 1303 2073 quibus
1321 1994 1402 2071 apud

150 2094 304 2172 Vellejum
329 2098 380 2157 sed
402 2099 496 2158 rarius
518 2106 634 2157 exstant
657 2098 800 2176 adjectiva
822 2100 908 2159 haec:

234 2199 362 2278 Africus
384 2217 451 2275 pro:
474 2200 642 2278 Africanus
664 2217 693 2269 2,
717 2199 767 2274 56,
790 2216 820 2258 21
842 2209 1000 2276 apparatus
1024 2198 1113 2258 Africi
1133 2197 1293 2275 (triumphi)
1315 2199 1405 2260 ebore

145 2298 285 2356 constitit.
317 2298 362 2358 Cf.
382 2299 457 2375 Scip.
476 2300 538 2359 Afr.
557 2300 590 2358 ir.
610 2300 690 2376 apud
708 2300 784 2360 Gell.
803 2317 831 2374 4,
852 2300 893 2370 18,
912 2318 943 2375 3;
962 2300 1048 2359 Caes.
1067 2302 1095 2359 b.
1113 2319 1139 2360 c.
1159 2318 1183 2373 2,
1202 2317 1246 2376 32,
1268 2317 1312 2376 131
1334 2300 1405 2360 Sall.

148 2398 215 2477 Jug.
242 2400 286 2472 18,
310 2417 342 2477 9;
365 2401 427 2461 Liv.
451 2418 495 2474 21,
521 2420 546 2473 1,
571 2420 599 2477 4.
645 2401 730 2462 Adde
752 2403 869 2462 Kuehn.
893 2422 921 2479 p.
943 2419 1013 2478 340.

234 2503 345 2579 Agelli,
377 2521 437 2580 quo
469 2505 613 2563 vocabulo
642 2504 766 2563 Sisenna
799 2512 922 2582 excepto
953 2505 1063 2580 primus
1094 2504 1207 2564 videtur
1237 2523 1306 2577 usus
1338 2522 1405 2563 esse

147 2603 247 2663 Livius
267 2600 339 2688 v(30,
365 2621 413 2675 10,
436 2601 472 2680 3),
499 2605 580 2681 apud
606 2614 709 2681 poetas
732 2607 902 2681 Augusteae
928 2608 1034 2665 aetatis
1061 2614 1090 2665 et
1116 2607 1291 2682 posteriores
1318 2605 1406 2666 solut.

145 2714 223 2764 orat.
245 2707 400 2782 scriptores
423 2708 540 2783 saepius
562 2708 705 2766 invenitur
731 2725 784 2784 pro
807 2711 941 2785 impigro,
964 2708 1047 2765 laud
1065 2710 1156 2782 segni.
1200 2707 1289 2784 Apud
1307 2707 1406 2766 Velle·

146 2807 208 2884 jum
231 2808 372 2867 translate
394 2816 490 2867 exstat
512 2824 542 2878 2,
568 2824 632 2884 105,
656 2824 685 2866 2:
713 2811 805 2867 virum
829 2809 1019 2884 multiplicem
1041 2810 1071 2867 in
1093 2809 1257 2879 virtutibus,
1285 2827 1403 2889 navum,

147 2909 270 2984 agilem,
298 2908 451 2985 providum
473 2905 596 2984 (Sisenn.
625 2909 658 2968 fr.
685 2909 755 2979 280,
783 2925 799 2967 2
831 2908 876 2967 Ρ.1
909 2909 1017 2984 agilem
1041 2909 1216 2987 facilemque
1238 2909 1403 2980 victoriam;

147 3007 236 3078 Hor„
256 3007 323 3078 Ov.‚
343 3009 420 3080 Col,
443 3011 509 3070 Sen.
528 3010 606 3087 phil,
629 3010 701 3070 Plin.
723 3011 803 3081 min„
826 3006 924 3086 Suet).

233 3113 325 3170 Auris
347 3128 375 3182 2,
399 3128 446 3189 55,
469 3129 501 3187 4:
523 3114 657 3171 inventus
679 3113 755 3170 inter
776 3112 945 3172 solitudines
969 3113 1058 3190 avias;
1085 3129 1114 3183 2,
1139 3125 1185 3188 75,
1210 3129 1240 3187 31
1262 3130 1314 3189 per
1336 3115 1402 3172 avia

145 3213 285 3271 itinerum
308 3210 441 3291 (Poetae,
464 3213 533 3272 Sall.
557 3213 623 3291 Jug.
647 3228 696 3288 54,
720 3228 752 3288 9;
776 3213 836 3271 Liv.
859 3232 891 3290 9,
916 3230 961 3289 19,
987 3212 1103 3289 16125,
1127 3230 1174 3289 32,
1199 3211 1235 3289 ό).
1283 3251 1285 3257 .

234 3315 334 3375 Bonus
356 3316 425 3392 alqa
444 3334 475 3374 re
493 3332 558 3392 pro:
581 3317 716 3384 eximitis,
734 3321 889 3389 praestans
912 3331 937 3385 2,
956 3313 1001 3385 88,
1023 3332 1048 3373 1:
1071 3315 1113 3373 M.
1131 3315 1269 3392 Lepidus,
1289 3315 1403 3393 juvenis

146 3415 242 3475 forma
266 3435 356 3493 quarn
378 3427 478 3476 mente
500 3417 612 3475 melior.
657 3415 702 3475 ct.
724 3416 793 3475 Sall.
817 3416 884 3494 Jug.
908 3431 932 3491 7,
956 3433 985 3492 5;
1004 3421 1055 3490 13,
1081 3431 1106 3485 11
1130 3432 1182 3493 49,
1205 3433 1231 3474 2.

236 3517 382 3577 Classicus
405 3537 458 3594 pro
479 3537 516 3577 eo
539 3517 649 3588 dicitur,
673 3513 754 3595 quod
777 3518 857 3594 apud
875 3516 1049 3577 Ciceronem
1068 3526 1112 3577 est
1129 3521 1244 3578 navalis
1266 3534 1290 3587 2,
1309 3517 1353 3594 85,
1375 3534 1399 3576 11

145 3621 296 3695 Agrippae
314 3637 403 3678 omne
421 3620 535 3678 classici
553 3610 721 3679 certaminis
740 3618 890 3677 arbitrium
909 3620 1112 3689 commissum;
1130 3635 1155 3690 2,
1175 3618 1218 3690 81,
1237 3637 1267 3696 31
1286 3621 1402 3696 insigne

142 3736 276 3779 coronae
302 3721 456 3790 classicae;
489 3737 518 3791 2,
549 3737 607 3791 121,
639 3738 665 3779 11
696 3720 844 3780 concussis
871 3720 998 3779 hostium
1026 3721 1134 3782 viribus
1161 3723 1288 3782 classicis
1317 3719 1398 3800 (Lim,

142 3820 236 3897 Tae).
1405 3815 1408 3820 ’

180 3978 183 3982 .
235 3922 419 3998 Cognominir
438 3925 549 3995 dicitur,
573 3927 622 4002 qui
646 3924 777 4002 ejusdem
796 3923 921 3983 nominis
939 3933 984 3984 est
1002 3944 1069 3984 cum
1087 3925 1145 3985 alio
1164 3933 1279 3985 etcum
1301 3924 1400 3984 dativo

140 4025 330 4100 conjungitur
355 4042 379 4095 1,
406 4043 433 4096 1,
459 4044 485 4085 11
517 4028 726 4101 cognominem
749 4027 861 4100 patriae
884 4045 954 4087 suae
977 4027 1127 4088 Salamina
1149 4027 1307 4088 constituit.
1353 4024 1397 4084 ct.

143 4119 208 4182 Liv.
231 4139 261 4199 5,
285 4141 335 4199 34,
360 4143 391 4202 91
424 4129 601 4203 cognomine
623 4127 793 4186 Insubribus
816 4143 907 4204 pago3
935 4128 1014 4186 Suet.
1038 4126 1108 4187 Oth.
1133 4146 1143 4187 1
1168 4136 1254 4188 extr:
1286 4143 1398 4200 cogno·

143 4226 254 4284 minem
274 4229 327 4285 sibi
349 4225 467 4305 (filium).
791 4214 794 4221 ¹

234 4326 468 4388 Commendabili's
500 4348 567 4388 cum
594 4329 651 4388 abl.
678 4331 825 4407 conjunct.
853 4348 881 4402 2,
905 4350 936 4408 9,
962 4330 994 4390 6:
1029 4331 1157 4388 novitate
1183 4326 1291 4385 inventi
1319 4344 1338 4384 a
1365 4344 1397 4386 se

141 4428 240 4503 operis
259 4430 522 4490 commendabilem
540 4412 764 4506 (Pomponium).
796 4431 842 4492 Cf.
860 4434 923 4493 Liv.
942 4448 987 4506 42,
1006 4446 1031 4506 5,
1050 4446 1079 4505 5;
1101 4428 1165 4487 Val.
1184 4427 1264 4486 Max.
1283 4443 1311 4504 9,
1333 4445 1354 4498 1,
1371 4444 1398 4486 2.
