3106 5040
676 265 878 321 -14-

157 450 182 511 7,
210 451 227 510 3
255 431 343 511 (adde
368 435 452 494 lexic.
478 431 612 509 Latinis);
645 433 725 511 apud
750 434 877 511 optimos
904 433 1058 508 scriptores
1086 432 1189 493 dicitur
1215 451 1267 510 pro
1295 436 1411 495 incessu

154 533 235 609 (‚das'
254 530 496 612 Einhergehen‘).

240 635 403 697 Maturr'tas
424 638 567 697 translata
590 635 802 711 significatione
823 636 940 712 ponitur
962 653 1015 712 pro
1037 643 1140 695 exacto
1152 639 1261 712 peritia
1283 647 1312 698 et
1332 649 1410 715 pru·

155 739 250 796 dantia
262 734 340 813 (nost
356 739 412 809 ‚die
422 738 506 798 Relfe
516 738 568 798 des
578 736 769 813 Verstandes,
783 737 869 797 reises
879 735 1001 810 Urteil‘),
1017 755 1093 814 quae
1108 755 1176 797 cum
1191 741 1277 799 rebus
1290 749 1410 800 mature

156 848 185 899 et
208 839 362 915 diligenter
383 840 583 917 expendendis
606 848 816 916 comparantur
838 855 863 909 2,
884 855 940 914 125,
960 856 991 915 3:
1014 840 1065 899 sed
1087 841 1161 900 haec
1182 843 1284 902 omnia
1301 845 1409 904 veteris

154 942 338 1016 imperatoris
365 942 517 1000 maturitas
544 941 623 1000 brevi
651 942 737 1017 sopiit
763 958 799 1001 ac
826 941 941 1000 sustulit
971 939 1056 1016 (Tac.
1083 941 1149 1001 hist.
1177 960 1202 1011 2,
1229 942 1277 1017 87;
1305 947 1407 1004 Amm.

155 1041 248 1102 Marc.
274 1059 319 1116 14,
344 1060 371 1113 2,
397 1039 450 1118 26).

238 1142 408 1203 iitentionene
426 1145 529 1203 trabere
548 1162 601 1220 pro
619 1161 663 1214 eo,
683 1141 763 1220 quod
781 1151 826 1204 est
843 1143 923 1219 apud
937 1143 1111 1204 Ciceronem
1126 1147 1288 1204 mentionem
1298 1145 1409 1226 facere

153 1261 178 1314 2,
198 1243 243 1314 62,
262 1261 292 1320 52
317 1245 452 1305 Caesaris
471 1247 551 1305 nulla
573 1246 682 1305 mentio
701 1244 811 1305 habita.
843 1245 888 1304 Cf.
908 1245 969 1305 Liv.
988 1244 1033 1321 58,
1051 1245 1098 1322 56,
1115 1258 1147 1323 ,7ς
1170 1247 1277 1317 Ascon.
1296 1248 1326 1306 in
1344 1247 1408 1307 Cic.

153 1347 183 1404 in
202 1357 262 1422 tog.
281 1347 365 1406 carrd.
383 1367 412 1425 p.
427 1348 472 1424 76,
490 1366 516 1407 rr
536 1349 582 1408 ed.
600 1346 748 1422 Kiessllng
765 1355 794 1405 et
808 1346 934 1417 Schoell;
953 1348 1014 1405 Liv.
1034 1365 1079 1423 ep.
1097 1363 1158 1423 1193
1177 1346 1251 1426 Just.
1268 1365 1308 1424 25,
1319 1365 1344 1418 2,
1357 1366 1407 1419 26;

153 1449 233 1524 Sulp.
256 1450 320 1508 Sev.
343 1467 389 1526 ep.
412 1467 437 1519 2,
465 1464 508 1525 15.
531 1477 572 1492 -
595 1448 776 1507 Mentionem
797 1449 896 1526 jacere
920 1464 942 1519 2,
967 1449 1011 1524 65,
1037 1467 1048 1508 2
1071 1447 1155 1522 (Hor.
1177 1457 1232 1510 sat.
1257 1467 1278 1521 2,
1301 1469 1329 1525 4,
1354 1469 1407 1526 94:

153 1551 333 1609 mentionem
356 1545 492 1628 injicere).
519 1529 525 1542 ⁸

237 1648 424 1709 Merrlieanus
442 1650 541 1725 (intell.
560 1649 614 1727 sol)
635 1669 689 1727 pro
707 1651 890 1710 substantivo
905 1659 1000 1712 exstat
1018 1651 1098 1729 apud
1113 1652 1258 1731 Vellejum
1277 1655 1404 1730 primurn

150 1769 178 1823 2,
205 1750 267 1821 126,
291 1768 322 1827 3:
356 1753 493 1829 quicquid
517 1752 682 1812 meridiano
704 1760 756 1812 aut
778 1752 975 1828 septentrione
997 1754 1094 1812 finitur
1116 1752 1203 1828 (Flor.
1226 1772 1258 1829 4,
1283 1769 1326 1824 re,
1348 1771 1403 1830 40:

152 1855 225 1912 haec
242 1852 281 1911 ad
297 1855 541 1928 septentrionem:
560 1853 614 1914 sub
633 1854 795 1913 meridiano
813 1852 1023 1913 tumultuatum
1041 1856 1138 1931 magis
1155 1874 1246 1932 quam
1263 1856 1405 1916 bellatum

152 1962 208 2024 est;
228 1955 265 2013 cl.
280 1955 451 2031 interpretes
469 1956 508 2016 ad
525 1957 607 2015 locos
617 1953 719 2032 Velleji
738 1962 766 2014 et
783 1954 873 2025 Flori;
893 1954 971 2014 adde
988 1954 1056 2014 lsld.
1073 1971 1099 2033 5,
1114 1972 1162 2033 55,
1176 1952 1212 2031 8).
1244 1956 1267 2014 F
1269 1955 1407 2017 reundius

151 2061 180 2113 et
203 2054 335 2115 Klotzius
358 2057 558 2135 lexicographi
580 2057 655 2116 falso
677 2057 890 2115 nominativum
912 2059 1106 2117 meridianum
1130 2058 1247 2117 faciunt.

169 2170 175 2181 ¹
242 2157 432 2216 Obseruantia
454 2160 572 2232 propria
594 2158 807 2233 significatione
828 2176 884 2233 pro
905 2158 1095 2217 obseruatione
1117 2159 1221 2218 dicitur
1242 2175 1267 2228 2,
1291 2160 1354 2230 266,
1374 2177 1406 2236 5τ

152 2264 181 2316 et
204 2258 309 2316 eadem
338 2259 412 2318 mira
440 2260 577 2318 felicitate
603 2266 633 2318 et
660 2277 731 2317 cura
758 2259 852 2329 ducis,
880 2268 1046 2336 temporum
1069 2276 1187 2337 quoque
1209 2260 1405 2333 observantia,

149 2358 250 2419 classis
273 2361 412 2420 exercitui
434 2359 614 2437 Caesarique
640 2377 672 2419 se
697 2361 799 2437 junxit.
843 2360 930 2436 Apud
953 2361 1126 2421 Ciceronem
1150 2362 1327 2421 observantia
1350 2372 1405 2432 est,

150 2480 315 2538 perquam
338 2469 436 2522 aetate
458 2470 509 2522 aut
535 2462 678 2538 sapientia
705 2469 757 2521 aut
783 2463 895 2521 honore
921 2471 973 2522 aut
999 2463 1098 2539 aliqua
1120 2463 1263 2538 dignitate
1285 2470 1406 2522 antece·

153 2563 255 2623 dentes
277 2582 410 2624 veremur
430 2573 460 2624 et
481 2566 613 2625 colimus.

239 2666 401 2727 Ordinatio.
441 2667 527 2726 Haec
550 2685 606 2725 vox
633 2667 702 2744 quid
725 2667 755 2726 in
778 2667 972 2728 architectura
994 2668 1153 2742 significet,
1177 2664 1344 2741 intelligitur
1366 2684 1403 2724 ex

151 2767 224 2825 Vitr.
254 2783 280 2834 2,
303 2781 332 2834 2,
358 2783 383 2825 r:
416 2769 612 2827 architectura
638 2776 757 2827 constat
783 2788 819 2828 ex
845 2769 1043 2838 ordinatione,
1066 2786 1144 2845 quae
1167 2767 1283 2829 Graece
1309 2760 1402 2843 τάξις

150 2866 254 2926 dicitur
277 2873 308 2925 et
329 2884 365 2925 ex
388 2867 584 2943 dispositione.
628 2869 685 2927 Pro
708 2871 889 2939 institutione,
912 2871 1090 2943 dispositione
1112 2870 1269 2944 ponitura
1288 2869 1402 2946 Vellejo

148 2969 242 3043 primo
265 2983 290 3036 2,
313 2983 370 3042 124,
390 2985 420 3042 3:
449 2969 574 3044 primum
597 2969 799 3046 principalium
821 2964 885 3046 ejus
908 2988 1031 3046 operum
1053 2977 1117 3031 erat
1138 2971 1286 3029 ordinatio
1308 2971 1402 3028 comi·-

149 3069 253 3128 tiorum
278 3068 361 3146 (Col,
385 3070 457 3129 Plin.
481 3089 541 3146 ep.·‚
564 3066 662 3144 Suet).

236 3171 322 3242 Qnr'es
344 3190 397 3248 pro
419 3175 527 3231 somnio
550 3181 707 3248 usurpatur
729 3189 758 3245 2,
781 3188 831 3250 70,
858 3191 883 3233 1:
910 3175 1025 3236 medico
1047 3175 1221 3234 manifestae
1243 3172 1398 3230 denuntia·

147 3273 226 3330 tione
254 3273 360 3348 quietis
387 3277 495 3334 territo.
539 3274 586 3334 Ci.
608 3275 682 3336 Tac.
705 3295 774 3336 ann.
799 3293 825 3346 2,
848 3277 897 3354 65;
925 3291 954 3348 2,
980 3292 1025 3350 24;
1056 3291 1098 3344 22,
1123 3287 1166 3346 25;
1198 3269 1244 3339 16,
1269 3285 1295 3339 1;
1323 3268 1396 3330 Stat·

146 3372 241 3431 Theb.
268 3389 316 3443 10,
339 3389 394 3449 265
417 3383 447 3435 et
469 3392 534 3451 3²4·

233 3472 387 3549 Scriptura
410 3476 490 3551 apud
512 3477 639 3552 optimos
657 3479 813 3554 scriptores
832 3485 883 3536 aut
900 3486 992 3537 actum
1011 3476 1155 3535 scribendi
1169 3473 1315 3549 significat
1332 3474 1350 3532 i.
1370 3493 1398 3534 e.

145 3576 336 3650 scriptionem,
361 3584 413 3635 aut
435 3580 545 3635 modurn
569 3580 714 3638 scribendi
732 3580 750 3638 i.
773 3597 798 3637 e.
821 3581 918 3637 ste'lum
941 3576 1028 3655 (Veii.
1053 3591 1081 3647 2,
1104 3592 1151 3652 52,
1175 3592 1206 3649 52
1237 3577 1397 3653 scripturae

145 3673 269 3753 modus),
288 3676 340 3735 sed
358 3695 417 3736 uno
435 3676 502 3736 loco
520 3677 599 3753 apud
615 3679 760 3756 Vellejum
775 3679 878 3737 dicitur
895 3696 949 3755 pro
968 3680 1158 3752 inscriptione,
1177 3695 1236 3754 qua
1254 3677 1396 3755 equestris

145 3784 243 3836 statua
257 3786 378 3837 ornatur
391 3792 418 3848 2,
430 3776 472 3848 62,
486 3794 518 3853 5τ
536 3797 614 3855 quae
628 3779 773 3854 hodieque
787 3780 816 3837 in
831 3778 945 3864 liostris
960 3781 1054 3856 posita
1067 3778 1116 3855 (sc.
1131 3787 1229 3839 statua
1243 3774 1396 3856 equestris)

145 3886 273 3937 aetatem
296 3880 358 3956 ejus
380 3879 523 3956 scriptura
545 3880 661 3940 indicat.
698 3880 783 3940 Haec
801 3880 973 3955 significatio
992 3883 1071 3957 apud
1090 3882 1201 3941 nullum
1220 3881 1308 3939 alium
1328 3877 1412 3939 scri·-

145 3989 259 4054 piorem
281 3981 393 4039 videtur
415 3989 539 4040 exstare.
1238 4036 1244 4047 ,

231 4080 378 4140 Securitas
400 4082 480 4160 apud
501 4084 628 4158 optimos
650 4084 805 4159 scriptores
828 4085 972 4160 significat
993 4089 1157 4145 vacuitatem
1177 4105 1195 4142 a
1213 4105 1294 4152 cora,
1317 4080 1396 4141 unde

144 4182 317 4255 tranquillus
335 4185 367 4242 fit
384 4186 507 4255 animus,
530 4185 609 4259 apud
625 4185 769 4263 Vellejum
791 4194 820 4245 et
842 4188 1017 4262 posteriores
1040 4189 1157 4263 ponitur
1179 4187 1304 4262 primum
1327 4183 1397 4244 sub·

141 4281 245 4358 jective
267 4283 297 4343 in
318 4285 430 4345 malam
452 4293 566 4362 partem
590 4304 642 4361 pro
665 4289 840 4356 remissione,
860 4291 1037 4365 negligentia
1059 4305 1088 4358 2,
1114 4286 1175 4356 118,
1199 4303 1228 4346 2:
1261 4287 1396 4364 frequen·

143 4379 285 4440 tissimum
308 4383 420 4446 initium
442 4405 508 4446 esse
530 4387 705 4446 calamitatis
733 4369 919 4449 securitatem
941 4388 1065 4463 (Quint,
1083 4388 1181 4464 Tac.);
1210 4386 1316 4448 deinde
1342 4388 1395 4446 ob·
