3106 5040
672 273 876 331 ...18-

142 462 282 522 Maricae.
318 460 404 521 Adde
426 459 510 521 lexic.
532 459 640 529 Latin,
663 461 713 536 qui
735 459 817 518 locos
838 477 876 518 ex
899 459 1010 535 scriptt.
1032 477 1107 528 1.1.,
1131 459 1206 518 Plin.
1224 461 1305 536 maj,
1324 459 1412 519 Suet.

143 564 313 625 attulerunt.

230 667 339 726 Auctns
366 663 483 742 proprie
509 662 616 721 dicitur
642 680 696 738 pro
723 665 892 721 incremento
914 678 944 732 2,
968 677 1034 738 129,
1055 679 1090 737 41
1112 663 1215 737 magni
1236 662 1327 720 etiam
1350 669 1416 720 ter·

143 768 217 841 roris
234 767 345 826 bellum
367 765 500 826 Africum
518 770 549 822 et
571 764 720 822 cotidiano
741 772 831 822 auctu
848 765 944 842 majus
961 741 1109 840 sepultum
1126 773 1171 825 est
1190 761 1262 840 (Liv.
1281 780 1310 836 4,
1330 779 1357 832 2,
1378 779 1411 832 23

145 885 197 944 29,
220 882 267 944 27,
290 867 331 944 3);
362 867 503 927 translate
530 873 627 924 exstat
648 881 677 935 2,
701 881 756 938 40,
783 881 813 940 5:
840 865 924 942 hujus
951 865 1003 923 viri
1025 865 1176 941 fastigium
1202 864 1292 924 tantis
1313 865 1413 923 aucti·

146 970 200 1028 bus
223 968 343 1028 fortuna
364 967 468 1027 extulit
489 963 607 1043 (Varro,
631 966 750 1036 Poetae,
772 966 857 1036 Tac,
880 965 936 1024 vid.
959 967 1103 1026 Boettich.
1121 967 1205 1025 lexic.
1228 985 1257 1042 p.
1280 963 1337 1048 74).
1443 954 1446 959 ⁵

235 1069 339 1145 Caligo
361 1068 504 1129 translate
526 1076 685 1144 usurpatur
713 1087 768 1145 pro
795 1071 903 1129 usitato
929 1069 1075 1128 vocabulo
1100 1069 1229 1127 tenebrae
1250 1084 1280 1138 2,
1303 1067 1356 1143 36,
1383 1084 1411 1127 11

145 1171 283 1231 omnibus
305 1170 372 1231 viris
393 1169 598 1246 magnitudine
617 1187 671 1229 sua
693 1170 863 1230 inducturus
881 1172 1037 1246 caliginem
1060 1168 1089 1248 (i.
1108 1189 1134 1228 0.
1153 1172 1290 1230 tenebras
1312 1171 1412 1229 obdu·

147 1269 269 1349 cturus).

236 1372 387 1433 Clorr'tudo
409 1391 464 1450 pro
485 1376 618 1432 claritate
635 1390 660 1442 2,
682 1391 714 1444 rr,
734 1389 765 1448 3:
788 1381 820 1431 ut
838 1374 927 1448 paulo
945 1381 1016 1433 ante
1032 1373 1184 1432 Domitiae
1206 1372 1344 1443 familiae,
1368 1373 1412 1447 ita

152 1475 300 1561 Caeciliae
323 1475 456 1533 notanda
473 1475 619 1533 claritudo
641 1484 698 1544 est;
721 1491 747 1545 2,
765 1490 806 1549 17,
825 1492 854 1534 2:
877 1494 946 1534 cum
969 1475 1097 1534 familiae
1115 1476 1177 1552 ejus
1199 1472 1343 1533 claritudo
1366 1475 1413 1533 in·

151 1577 286 1637 termissa
308 1584 397 1644 esset;
420 1591 575 1650 2,130,11
598 1579 648 1652 9111
670 1576 750 1653 quod
769 1596 901 1652 unquam
924 1577 1097 1636 claritudine
1115 1577 1245 1644 eminuit,
1267 1575 1298 1633 id
1320 1576 1413 1636 veluti

149 1684 311 1753 cognatum
326 1685 426 1736 censet
436 1676 578 1735 tuendum
587 1674 673 1750 (Cato
683 1677 725 1746 fr.,
739 1678 818 1748 sall,
833 1678 916 1749 Tac,
928 1678 964 1737 cf.
975 1678 1117 1736 Boettich.
1128 1678 1212 1736 lexic.
1222 1677 1296 1736 Tac.
1309 1696 1340 1753 p.
1350 1675 1412 1754 90).

238 1776 405 1837 Claustrnm
429 1773 593 1855 (singularis
616 1778 711 1837 forma
730 1778 810 1839 Curt.
829 1796 861 1853 4,
880 1795 910 1854 5,
932 1795 974 1850 213
998 1795 1028 1854 7,
1051 1778 1083 1849 6,
1108 1777 1157 1855 13),
1183 1779 1267 1856 cujus
1288 1776 1412 1854 pluralis

152 1883 281 1940 claustro
308 1898 362 1955 per
387 1879 608 1938 translationem
635 1882 751 1957 ponitur
776 1898 800 1949 1,
826 1895 869 1955 17,
892 1898 924 1955 4:
956 1881 1116 1940 eminentia
1141 1882 1282 1958 cujusque
1312 1881 1412 1954 operis

108 2018 111 2023 -
152 1982 318 2041 arctissimis
340 1989 508 2057 temporum
531 1982 664 2041 claustris
688 1983 869 2042 circumdata
892 1978 964 2059 (Cic.
987 2000 1040 2058 pro
1062 1982 1140 2041 Mur.
1163 1980 1189 2052 8,
1214 1995 1257 2055 17:
1280 1981 1410 2040 claustra

155 2082 314 2142 nobilitatis
337 2083 528 2159 perfringere;
551 2083 749 2159 Posteriores).

242 2182 379 2241 Cotrce'tro
402 2199 427 2254 2,
448 2199 495 2258 47,
518 2200 549 2258 3:
573 2186 625 2243 sed
647 2174 902 2262 ejus'consulatus
924 2204 1044 2244 omnem
1066 2187 1124 2243 vim
1147 2187 1176 2243 in
1199 2185 1409 2242 coercitionem

152 2285 279 2344 ambitus
307 2286 450 2356 exercuit;
477 2302 506 2356 2,
536 2303 593 2357 121,
623 2305 649 2345 11
681 2306 749 2346 cum
776 2288 973 2347 dissensiones
999 2287 1176 2346 coercitione
1198 2287 1294 2362 magis
1316 2305 1409 2363 quam

155 2404 252 2463 poena
285 2386 426 2446 mollisset
453 2382 525 2464 (Liv.
553 2406 585 2462 4,
613 2403 661 2462 33,
690 2404 717 2464 7;
746 2389 795 2458 26,
824 2389 874 2463 36,
904 2405 947 2459 121
975 2389 1065 2459 Cels,
1092 2389 1159 2447 Sen.
1184 2388 1265 2464 phil,
1298 2387 1410 2460 Quint,
1441 2373 1445 2380 ¹

151 2488 236 2557 Tac,
258 2484 359 2564 Suet).

242 2587 418 2650 Commeotns
446 2599 490 2651 est
516 2595 598 2652 nenia
629 2595 711 2652 etiem
739 2601 827 2652 extra
853 2613 913 2652 ren
945 2595 1098 2651 militarem
1129 2609 1158 2663 2,
1186 2610 1237 2669 99,
1266 2608 1295 2649 21
1326 2610 1409 2650 com-

153 2699 285 2748 meatum
308 2710 327 2749 a
349 2710 452 2752 socero
478 2694 569 2769 petiit.
615 2694 663 2754 Cf.
686 2695 817 2754 Gronov.
842 2697 881 2755 ad
903 2696 977 2754 Tac.
1000 2696 1100 2770 Agris.
1123 2711 1148 2770 5,
1173 2695 1223 2770 qui
1243 2694 1342 2751 locum
1366 2695 1411 2751 af-

155 2791 210 2850 lert
232 2810 269 2850 ex
291 2791 354 2850 Cic.
378 2794 461 2852 Verr.
485 2809 511 2868 5,
534 2811 581 2869 43,
606 2811 664 2853 1111
686 2796 836 2873 Syracusis
854 2798 994 2856 remansit
1016 2799 1046 2855 in
1067 2804 1246 2856 commeatu.
1289 2792 1336 2850 De
1359 2812 1411 2852 ve-

157 2892 206 2950 nia
228 2892 258 2949 in
281 2911 312 2951 re
333 2894 450 2952 militari
473 2903 568 2953 exstat
590 2912 614 2965 2,
639 2912 676 2965 11,
699 2913 725 2954 2.
1470 2890 1474 2895 ’

246 2992 395 3052 Consortio
420 2995 522 3054 addito
549 2998 678 3072 genitivo
699 3015 725 3069 2,
749 3015 797 3075 99,
823 3015 848 3070 1;
871 3016 896 3070 2,
922 3017 984 3074 103,
1008 3015 1039 3075 31
1062 3000 1210 3059 consortio
1236 2998 1409 3057 tribuniciae

156 3096 310 3170 potestatis
331 3093 422 3171 (Lim).
466 3097 570 3157 Cicero
592 3099 648 3158 hac
671 3118 743 3159 voce
764 3101 898 3161 absolute
924 3104 1014 3162 utitur
1036 3102 1074 3162 de
1095 3103 1144 3160 off.
1169 3120 1199 3176 3,
1223 3100 1255 3170 6,
1277 3098 1327 3158 261
1354 3098 1411 3156 hu·

155 3215 245 3255 mana
268 3200 426 3257 consortio.

244 3296 422 3375 Contemptus
443 3322 497 3378 pro
519 3322 569 3374 e0,
592 3305 672 3380 quod
695 3306 773 3381 apud
797 3305 969 3365 Ciceronem
996 3313 1040 3363 est
1061 3305 1222 3375 contemptio
1244 3318 1273 3372 2,
1297 3300 1351 3371 60,
1377 3318 1410 3375 31

158 3416 254 3474 1109110
276 3401 300 3458 is
322 3413 385 3462 erat
407 3413 602 3482 contemptus,
626 3407 678 3464 sed
700 3415 804 3465 metus.
839 3408 959 3465 Passivo
981 3422 1069 3463 sensu
1091 3410 1186 3459 exstat
1207 3401 1293 3460 Caes.
1317 3403 1345 3456 b.
1370 3401 1411 3460 G.

157 3515 180 3568 2,
205 3514 253 3574 30,
277 3517 310 3574 4:
333 3509 515 3583 contemptui
537 3526 614 3578 esse,
638 3510 734 3567 activo
756 3508 835 3582 apud
857 3509 943 3565 Auct.
966 3506 994 3563 b.
1018 3504 1100 3562 Alex.
1124 3516 1175 3575 74,
1194 3519 1211 3576 3
1234 3498 1318 3573 (Liu,
1343 3503 1411 3578 alii).

242 3601 401 3663 Exce'dz'nnz
425 3625 477 3681 pro
500 3612 650 3682 excessione,
672 3609 813 3666 eversione
835 3624 861 3676 2,
884 3623 912 3679 4,
936 3622 966 3680 3:
994 3623 1048 3663 nec
1070 3605 1226 3680 quisquam
1249 3612 1318 3663 ante
1340 3623 1410 3662 eum

156 3702 280 3761 clariore
302 3707 417 3764 urbium
439 3708 553 3767 excidio
576 3727 685 3767 nomen
707 3726 792 3766 suum
815 3715 975 3784 perpetuae
993 3707 1211 3765 commendavit
1233 3707 1409 3774 memoriae;

157 3820 181 3873 2,
205 3804 252 3880 98,
275 3823 304 3863 2:
328 3809 453 3883 plurimo
476 3827 543 3866 cum
562 3827 664 3867 earum
686 3804 839 3885 (gentium)
862 3786 1113 3884 011ἐ111101,-“-1110
1132 3812 1249 3867 enterz'tn
1267 3825 1292 3877 2,
1311 3824 1360 3882 30,
1381 3824 1408 3865 1:

158 3908 289 3981 partibus
320 3911 379 3968 suis
410 3909 567 3983 excidium,
594 3911 648 3968 sibi
678 3919 803 3969 mortem
831 3913 993 3970 auctoravit
1014 3911 1119 3986 (Poet.‚
1147 3911 1216 3969 Sall.
1239 3911 1303 3968 hist.
1329 3925 1362 3976 1,
1378 3923 1410 3983 91

70 3986 73 3999 ¹
158 4024 178 4081 4
210 4009 253 4078 61,
278 4026 307 4067 12
332 4006 412 4086 [1).];
435 4006 514 4084 Liv.).
1029 4001 1033 4011 '

243 4112 393 4170 Facundia
416 4113 525 4189 aliquid
543 4114 639 4172 differt
657 4116 695 4173 ab
713 4119 877 4191 eloquentia,
896 4126 928 4176 ut
945 4136 981 4175 ex
999 4116 1100 4189 Quint.
1120 4133 1142 4174 1.
1165 4130 1295 4190 prooem.
1313 4125 1347 4183 23
1367 4110 1412 4167 in-

162 4211 312 4287 telligitur:
340 4222 384 4272 est
409 4217 487 4273 enim
511 4215 650 4275 facundia
677 4217 801 4277 facilitas
824 4218 938 4277 dicendi
961 4226 990 4276 et
1012 4218 1111 4292 copia,
1139 4212 1307 4289 eloquentia
1329 4211 1411 4269 addit

159 4312 285 4387 insuper,
309 4321 341 4371 ut
362 4316 438 4374 bene
461 4325 589 4394 apteque
612 4318 735 4378 facilitas
763 4320 813 4378 illa
835 4329 864 4378 et
886 4321 972 4396 copia
998 4317 1184 4376 adhibeatur.
1225 4314 1291 4390 Jam
1315 4312 1410 4372 Varro

44 4430 48 4437 '
158 4412 195 4470 de
213 4413 282 4488 ling.
300 4416 350 4474 lat.
370 4416 397 4488 6,
417 4433 433 4492 7
455 4419 496 4477 ita
519 4420 679 4494 distinguit,
697 4428 730 4478 ut
746 4422 950 4497 interpretetur
963 4417 1114 4495 fecundos
1132 4431 1203 4483 esse,
1227 4414 1277 4489 qui
1290 4416 1410 4493 sentnr,
1432 4439 1434 4443 ,
