<?xml version="1.0" encoding="UTF-8"?>
<!DOCTYPE html PUBLIC "-//W3C//DTD XHTML 1.0 Transitional//EN"
    "http://www.w3.org/TR/xhtml1/DTD/xhtml1-transitional.dtd">
<html xmlns="http://www.w3.org/1999/xhtml" xml:lang="en" lang="en">
 <head>
  <title>
</title>
<meta http-equiv="Content-Type" content="text/html;charset=utf-8" />
  <meta name='ocr-system' content='tesseract 3.04.00' />
  <meta name='ocr-capabilities' content='ocr_page ocr_carea ocr_par ocr_line ocrx_word'/>
</head>
<body>
  <div class='ocr_page' id='page_1' title='image "./deelocutionemve00georgoog_0036.png"; bbox 0 0 3106 5040; ppageno 0'>
   <div class='ocr_carea' id='block_1_1' title="bbox 674 284 945 364">
    <p class='ocr_par' dir='ltr' id='par_1_1' title="bbox 674 241 945 364">
     <span class='ocr_line' id='line_1_1' title="bbox 674 284 945 364; baseline 0 -53"><span class='ocrx_word' id='word_1_1' title='bbox 674 284 792 345; x_wconf 71' lang='lat'><strong>‘²5</strong></span> <span class='ocrx_word' id='word_1_2' title='bbox 837 299 945 364; x_wconf 35' lang='lat'><strong>„¹</strong></span> 
     </span>
    </p>
   </div>
   <div class='ocr_carea' id='block_1_2' title="bbox 148 453 1411 1748">
    <p class='ocr_par' dir='ltr' id='par_1_2' title="bbox 148 453 1411 834">
     <span class='ocr_line' id='line_1_2' title="bbox 233 453 1411 531; baseline 0.002 -19"><span class='ocrx_word' id='word_1_3' title='bbox 233 455 411 512; x_wconf 78' lang='lat' dir='ltr'><strong>Lacernatur</strong></span> <span class='ocrx_word' id='word_1_4' title='bbox 432 469 499 528; x_wconf 88' lang='lat' dir='ltr'><strong>pro:</strong></span> <span class='ocrx_word' id='word_1_5' title='bbox 530 454 648 512; x_wconf 81' lang='lat' dir='ltr'><strong>lacerna</strong></span> <span class='ocrx_word' id='word_1_6' title='bbox 672 456 788 512; x_wconf 73' lang='lat' dir='ltr'><strong>radatur</strong></span> <span class='ocrx_word' id='word_1_7' title='bbox 815 469 844 524; x_wconf 89' lang='lat'><strong>2,</strong></span> <span class='ocrx_word' id='word_1_8' title='bbox 868 453 923 523; x_wconf 86' lang='lat'><strong>80,</strong></span> <span class='ocrx_word' id='word_1_9' title='bbox 945 470 978 528; x_wconf 84' lang='lat'><strong>3:</strong></span> <span class='ocrx_word' id='word_1_10' title='bbox 1011 455 1120 531; x_wconf 87' lang='lat' dir='ltr'><strong>quippe</strong></span> <span class='ocrx_word' id='word_1_11' title='bbox 1147 474 1215 514; x_wconf 89' lang='lat' dir='ltr'><strong>cum</strong></span> <span class='ocrx_word' id='word_1_12' title='bbox 1236 455 1354 514; x_wconf 82' lang='lat' dir='ltr'><strong>inermis</strong></span> <span class='ocrx_word' id='word_1_13' title='bbox 1376 460 1411 524; x_wconf 74' lang='lat' dir='ltr'><strong>et&#39;</strong></span> 
     </span>
     <span class='ocr_line' id='line_1_3' title="bbox 148 543 1407 632; baseline 0.001 -19"><span class='ocrx_word' id='word_1_14' title='bbox 148 543 316 614; x_wconf 73' lang='lat' dir='ltr'><strong>lacernatus</strong></span> <span class='ocrx_word' id='word_1_15' title='bbox 339 561 416 614; x_wconf 89' lang='lat' dir='ltr'><strong>esset</strong></span> <span class='ocrx_word' id='word_1_16' title='bbox 436 551 510 632; x_wconf 83' lang='lat' dir='ltr'><strong>(Juv.</strong></span> <span class='ocrx_word' id='word_1_17' title='bbox 536 571 557 623; x_wconf 92' lang='lat'><strong>1,</strong></span> <span class='ocrx_word' id='word_1_18' title='bbox 582 553 631 622; x_wconf 88' lang='grc'><strong>62;</strong></span> <span class='ocrx_word' id='word_1_19' title='bbox 655 543 731 613; x_wconf 88' lang='grc' dir='ltr'><em>Ρ611.</em></span> <span class='ocrx_word' id='word_1_20' title='bbox 757 554 803 630; x_wconf 80' lang='grc'><em>69,</em></span> <span class='ocrx_word' id='word_1_21' title='bbox 828 553 866 630; x_wconf 82' lang='lat'><strong>5).</strong></span> <span class='ocrx_word' id='word_1_22' title='bbox 906 555 1029 625; x_wconf 80' lang='lat' dir='ltr'><strong>Vella,</strong></span> <span class='ocrx_word' id='word_1_23' title='bbox 1054 569 1099 631; x_wconf 88' lang='lat'><strong>70,</strong></span> <span class='ocrx_word' id='word_1_24' title='bbox 1124 572 1155 614; x_wconf 89' lang='lat'><strong>2:</strong></span> <span class='ocrx_word' id='word_1_25' title='bbox 1178 556 1296 614; x_wconf 88' lang='lat' dir='ltr'><strong>lacerna</strong></span> <span class='ocrx_word' id='word_1_26' title='bbox 1318 565 1407 631; x_wconf 90' lang='lat' dir='ltr'><strong>caput</strong></span> 
     </span>
     <span class='ocr_line' id='line_1_4' title="bbox 148 655 1407 733; baseline 0.002 -18"><span class='ocrx_word' id='word_1_27' title='bbox 148 657 350 716; x_wconf 89' lang='lat' dir='ltr'>circumdedit.</span> <span class='ocrx_word' id='word_1_28' title='bbox 387 655 523 715; x_wconf 90' lang='lat' dir='ltr'><strong>Lacerna</strong></span> <span class='ocrx_word' id='word_1_29' title='bbox 545 656 624 715; x_wconf 89' lang='lat' dir='ltr'><strong>enim</strong></span> <span class='ocrx_word' id='word_1_30' title='bbox 646 662 692 714; x_wconf 88' lang='lat' dir='ltr'><strong>est</strong></span> <span class='ocrx_word' id='word_1_31' title='bbox 713 658 800 716; x_wconf 87' lang='lat' dir='ltr'><strong>vestis</strong></span> <span class='ocrx_word' id='word_1_32' title='bbox 822 657 970 716; x_wconf 87' lang='lat' dir='ltr'><strong>cucullata</strong></span> <span class='ocrx_word' id='word_1_33' title='bbox 988 657 1120 728; x_wconf 74' lang='lat' dir='ltr'>crassior,</span> <span class='ocrx_word' id='word_1_34' title='bbox 1143 675 1234 733; x_wconf 90' lang='lat' dir='ltr'><strong>quam</strong></span> <span class='ocrx_word' id='word_1_35' title='bbox 1256 657 1287 715; x_wconf 92' lang='lat' dir='ltr'><strong>in</strong></span> <span class='ocrx_word' id='word_1_36' title='bbox 1304 656 1407 717; x_wconf 89' lang='lat' dir='ltr'><strong>militia</strong></span> 
     </span>
     <span class='ocr_line' id='line_1_5' title="bbox 149 756 1192 834; baseline 0.002 -20"><span class='ocrx_word' id='word_1_37' title='bbox 149 765 180 815; x_wconf 90' lang='lat' dir='ltr'><strong>et</strong></span> <span class='ocrx_word' id='word_1_38' title='bbox 204 758 308 816; x_wconf 91' lang='lat' dir='ltr'><strong>itinere</strong></span> <span class='ocrx_word' id='word_1_39' title='bbox 330 756 437 817; x_wconf 86' lang='lat' dir='ltr'><strong>milites</strong></span> <span class='ocrx_word' id='word_1_40' title='bbox 459 756 499 816; x_wconf 89' lang='lat' dir='ltr'><strong>ad</strong></span> <span class='ocrx_word' id='word_1_41' title='bbox 522 757 683 816; x_wconf 87' lang='lat' dir='ltr'><strong>arcendum</strong></span> <span class='ocrx_word' id='word_1_42' title='bbox 706 757 798 832; x_wconf 89' lang='lat' dir='ltr'><strong>frigus</strong></span> <span class='ocrx_word' id='word_1_43' title='bbox 820 762 853 816; x_wconf 90' lang='lat' dir='ltr'><strong>et</strong></span> <span class='ocrx_word' id='word_1_44' title='bbox 875 758 1003 834; x_wconf 87' lang='lat' dir='ltr'><strong>pluviam</strong></span> <span class='ocrx_word' id='word_1_45' title='bbox 1025 759 1192 833; x_wconf 82' lang='lat' dir='ltr'><strong>gestabant.</strong></span> 
     </span>
    </p>

    <p class='ocr_par' dir='ltr' id='par_1_3' title="bbox 148 855 1406 1236">
     <span class='ocr_line' id='line_1_6' title="bbox 235 855 1406 936; baseline 0.001 -20"><span class='ocrx_word' id='word_1_46' title='bbox 235 859 358 917; x_wconf 86' lang='lat' dir='ltr'><strong>Prosus.</strong></span> <span class='ocrx_word' id='word_1_47' title='bbox 402 860 499 917; x_wconf 82' lang='lat' dir='ltr'><strong>Prosa</strong></span> <span class='ocrx_word' id='word_1_48' title='bbox 523 859 692 935; x_wconf 86' lang='lat' dir='ltr'><strong>eloquentia</strong></span> <span class='ocrx_word' id='word_1_49' title='bbox 714 876 768 936; x_wconf 94' lang='lat' dir='ltr'><strong>pro</strong></span> <span class='ocrx_word' id='word_1_50' title='bbox 791 860 886 919; x_wconf 90' lang='lat' dir='ltr'><strong>soluta</strong></span> <span class='ocrx_word' id='word_1_51' title='bbox 909 859 1043 918; x_wconf 86' lang='lat' dir='ltr'><strong>oratione</strong></span> <span class='ocrx_word' id='word_1_52' title='bbox 1064 855 1146 935; x_wconf 83' lang='lat' dir='ltr'><strong>(Cic.)</strong></span> <span class='ocrx_word' id='word_1_53' title='bbox 1169 877 1191 930; x_wconf 90' lang='lat'><strong>1,</strong></span> <span class='ocrx_word' id='word_1_54' title='bbox 1216 875 1255 935; x_wconf 86' lang='lat'><strong>17,</strong></span> <span class='ocrx_word' id='word_1_55' title='bbox 1278 876 1309 934; x_wconf 84' lang='lat'><strong>3:</strong></span> <span class='ocrx_word' id='word_1_56' title='bbox 1339 877 1406 936; x_wconf 93' lang='lat' dir='ltr'><strong>per·</strong></span> 
     </span>
     <span class='ocr_line' id='line_1_7' title="bbox 160 958 1405 1037; baseline 0 -19"><span class='ocrx_word' id='word_1_57' title='bbox 160 961 269 1018; x_wconf 89' lang='lat' dir='ltr'><strong>sectum</strong></span> <span class='ocrx_word' id='word_1_58' title='bbox 288 977 394 1036; x_wconf 89' lang='lat' dir='ltr'><strong>prosae</strong></span> <span class='ocrx_word' id='word_1_59' title='bbox 412 961 597 1037; x_wconf 77' lang='lat' dir='ltr'><strong>eloquentiae</strong></span> <span class='ocrx_word' id='word_1_60' title='bbox 614 958 713 1019; x_wconf 91' lang='lat' dir='ltr'><strong>decus.</strong></span> <span class='ocrx_word' id='word_1_61' title='bbox 745 961 837 1019; x_wconf 88' lang='lat' dir='ltr'><strong>Prosa</strong></span> <span class='ocrx_word' id='word_1_62' title='bbox 854 962 948 1020; x_wconf 89' lang='lat' dir='ltr'><strong>oratio</strong></span> <span class='ocrx_word' id='word_1_63' title='bbox 966 969 1075 1021; x_wconf 82' lang='lat' dir='ltr'><strong>exstat:</strong></span> <span class='ocrx_word' id='word_1_64' title='bbox 1098 960 1162 1020; x_wconf 91' lang='lat' dir='ltr'><strong>Col.</strong></span> <span class='ocrx_word' id='word_1_65' title='bbox 1183 978 1219 1032; x_wconf 89' lang='lat'><strong>11,</strong></span> <span class='ocrx_word' id='word_1_66' title='bbox 1240 978 1261 1031; x_wconf 89' lang='lat'><strong>1,</strong></span> <span class='ocrx_word' id='word_1_67' title='bbox 1283 976 1308 1030; x_wconf 78' lang='lat'><strong>13</strong></span> <span class='ocrx_word' id='word_1_68' title='bbox 1331 960 1405 1019; x_wconf 91' lang='lat' dir='ltr'><strong>Plin.</strong></span> 
     </span>
     <span class='ocr_line' id='line_1_8' title="bbox 148 1049 1404 1139; baseline 0.001 -21"><span class='ocrx_word' id='word_1_69' title='bbox 148 1062 177 1120; x_wconf 91' lang='lat' dir='ltr'><strong>h.</strong></span> <span class='ocrx_word' id='word_1_70' title='bbox 200 1081 228 1119; x_wconf 90' lang='lat' dir='ltr'><strong>n.</strong></span> <span class='ocrx_word' id='word_1_71' title='bbox 251 1075 276 1136; x_wconf 87' lang='lat'><strong>7,</strong></span> <span class='ocrx_word' id='word_1_72' title='bbox 298 1061 336 1137; x_wconf 82' lang='lat'><strong>56</strong></span> <span class='ocrx_word' id='word_1_73' title='bbox 357 1056 421 1137; x_wconf 78' lang='lat'>(57),</span> <span class='ocrx_word' id='word_1_74' title='bbox 444 1077 513 1138; x_wconf 85' lang='lat'><strong>205;</strong></span> <span class='ocrx_word' id='word_1_75' title='bbox 535 1049 603 1121; x_wconf 84' lang='lat' dir='ltr'><strong>Sen.</strong></span> <span class='ocrx_word' id='word_1_76' title='bbox 627 1081 673 1138; x_wconf 87' lang='lat' dir='ltr'><strong>ep.</strong></span> <span class='ocrx_word' id='word_1_77' title='bbox 698 1079 750 1138; x_wconf 85' lang='lat'><strong>94,</strong></span> <span class='ocrx_word' id='word_1_78' title='bbox 772 1076 820 1139; x_wconf 79' lang='lat'><strong>²73</strong></span> <span class='ocrx_word' id='word_1_79' title='bbox 848 1061 949 1134; x_wconf 89' lang='lat' dir='ltr'><strong>Quint.</strong></span> <span class='ocrx_word' id='word_1_80' title='bbox 974 1060 1003 1134; x_wconf 87' lang='grc'><strong>1,</strong></span> <span class='ocrx_word' id='word_1_81' title='bbox 1022 1077 1053 1138; x_wconf 84' lang='lat'><strong>5,</strong></span> <span class='ocrx_word' id='word_1_82' title='bbox 1078 1062 1124 1132; x_wconf 77' lang='lat'><strong>183</strong></span> <span class='ocrx_word' id='word_1_83' title='bbox 1150 1053 1230 1122; x_wconf 85' lang='lat' dir='ltr'><strong>Suet.</strong></span> <span class='ocrx_word' id='word_1_84' title='bbox 1252 1063 1330 1136; x_wconf 83' lang='lat' dir='ltr'><strong>Aug.</strong></span> <span class='ocrx_word' id='word_1_85' title='bbox 1354 1060 1404 1138; x_wconf 77' lang='lat'><strong>853</strong></span> 
     </span>
     <span class='ocr_line' id='line_1_9' title="bbox 152 1162 482 1236; baseline 0 -15"><span class='ocrx_word' id='word_1_86' title='bbox 152 1162 257 1222; x_wconf 89' lang='lat' dir='ltr'><strong>Claud.</strong></span> <span class='ocrx_word' id='word_1_87' title='bbox 281 1179 320 1232; x_wconf 87' lang='grc'><strong>1.;</strong></span> <span class='ocrx_word' id='word_1_88' title='bbox 343 1164 431 1222; x_wconf 93' lang='lat' dir='ltr'><strong>Dom.</strong></span> <span class='ocrx_word' id='word_1_89' title='bbox 453 1177 482 1236; x_wconf 88' lang='lat'><strong>4.</strong></span> 
     </span>
    </p>

    <p class='ocr_par' dir='ltr' id='par_1_4' title="bbox 151 1262 1405 1643">
     <span class='ocr_line' id='line_1_10' title="bbox 206 1262 1404 1344; baseline -0.001 -21"><span class='ocrx_word' id='word_1_90' title='bbox 206 1341 208 1344; x_wconf 80' lang='lat'><strong>.</strong></span> <span class='ocrx_word' id='word_1_91' title='bbox 236 1262 429 1323; x_wconf 70' lang='lat' dir='ltr'><strong>Sacerdotula</strong></span> <span class='ocrx_word' id='word_1_92' title='bbox 447 1279 478 1334; x_wconf 92' lang='lat'><strong>2,</strong></span> <span class='ocrx_word' id='word_1_93' title='bbox 504 1279 566 1338; x_wconf 88' lang='lat'>124,</span> <span class='ocrx_word' id='word_1_94' title='bbox 589 1279 621 1337; x_wconf 87' lang='lat'><strong>4:</strong></span> <span class='ocrx_word' id='word_1_95' title='bbox 650 1281 709 1340; x_wconf 92' lang='lat' dir='ltr'><strong>quo</strong></span> <span class='ocrx_word' id='word_1_96' title='bbox 731 1271 866 1339; x_wconf 89' lang='lat' dir='ltr'><strong>tempore</strong></span> <span class='ocrx_word' id='word_1_97' title='bbox 883 1265 953 1322; x_wconf 92' lang='lat' dir='ltr'><strong>mihi</strong></span> <span class='ocrx_word' id='word_1_98' title='bbox 976 1264 1117 1340; x_wconf 87' lang='lat' dir='ltr'><strong>fratrique</strong></span> <span class='ocrx_word' id='word_1_99' title='bbox 1139 1283 1221 1335; x_wconf 89' lang='lat' dir='ltr'><strong>meo,</strong></span> <span class='ocrx_word' id='word_1_100' title='bbox 1240 1263 1404 1324; x_wconf 90' lang='lat' dir='ltr'><strong>candidatis</strong></span> 
     </span>
     <span class='ocr_line' id='line_1_11' title="bbox 151 1365 1405 1442; baseline 0.001 -19"><span class='ocrx_word' id='word_1_101' title='bbox 151 1365 297 1436; x_wconf 85' lang='lat' dir='ltr'><strong>Caesaris,</strong></span> <span class='ocrx_word' id='word_1_102' title='bbox 321 1367 454 1442; x_wconf 86' lang='lat' dir='ltr'><strong>proxime</strong></span> <span class='ocrx_word' id='word_1_103' title='bbox 477 1384 496 1424; x_wconf 87' lang='lat' dir='ltr'><strong>a</strong></span> <span class='ocrx_word' id='word_1_104' title='bbox 518 1365 704 1432; x_wconf 87' lang='lat' dir='ltr'><strong>nobilissimis</strong></span> <span class='ocrx_word' id='word_1_105' title='bbox 727 1383 763 1425; x_wconf 90' lang='lat' dir='ltr'><strong>ac</strong></span> <span class='ocrx_word' id='word_1_106' title='bbox 785 1366 1015 1425; x_wconf 86' lang='lat' dir='ltr'><strong>sacerdotalibus</strong></span> <span class='ocrx_word' id='word_1_107' title='bbox 1038 1367 1103 1424; x_wconf 88' lang='lat' dir='ltr'><strong>viris</strong></span> <span class='ocrx_word' id='word_1_108' title='bbox 1126 1367 1266 1425; x_wconf 90' lang='lat' dir='ltr'><strong>destinari</strong></span> <span class='ocrx_word' id='word_1_109' title='bbox 1287 1373 1405 1442; x_wconf 89' lang='lat' dir='ltr'><strong>praeto-</strong></span> 
     </span>
     <span class='ocr_line' id='line_1_12' title="bbox 152 1463 1404 1544; baseline 0.002 -20"><span class='ocrx_word' id='word_1_110' title='bbox 152 1468 231 1525; x_wconf 87' lang='lat' dir='ltr'><strong>ribus</strong></span> <span class='ocrx_word' id='word_1_111' title='bbox 259 1467 383 1542; x_wconf 91' lang='lat' dir='ltr'><strong>eontigit</strong></span> <span class='ocrx_word' id='word_1_112' title='bbox 414 1463 517 1544; x_wconf 83' lang='lat' dir='ltr'><strong>(Orelli</strong></span> <span class='ocrx_word' id='word_1_113' title='bbox 543 1467 636 1527; x_wconf 87' lang='lat' dir='ltr'><strong>inser.</strong></span> <span class='ocrx_word' id='word_1_114' title='bbox 663 1465 751 1542; x_wconf 86' lang='lat'>4981:</span> <span class='ocrx_word' id='word_1_115' title='bbox 783 1467 972 1527; x_wconf 89' lang='lat' dir='ltr'><strong>sacerdotalis</strong></span> <span class='ocrx_word' id='word_1_116' title='bbox 999 1468 1054 1536; x_wconf 89' lang='lat' dir='ltr'><strong>vir;</strong></span> <span class='ocrx_word' id='word_1_117' title='bbox 1081 1467 1153 1525; x_wconf 90' lang='lat' dir='ltr'><strong>Plin.</strong></span> <span class='ocrx_word' id='word_1_118' title='bbox 1181 1485 1228 1544; x_wconf 89' lang='lat' dir='ltr'><strong>ep.</strong></span> <span class='ocrx_word' id='word_1_119' title='bbox 1250 1481 1275 1542; x_wconf 88' lang='lat'><strong>7,</strong></span> <span class='ocrx_word' id='word_1_120' title='bbox 1298 1484 1347 1542; x_wconf 86' lang='lat'><strong>24,</strong></span> <span class='ocrx_word' id='word_1_121' title='bbox 1371 1466 1404 1528; x_wconf 86' lang='lat'><strong>6:</strong></span> 
     </span>
     <span class='ocr_line' id='line_1_13' title="bbox 153 1566 452 1643; baseline -0.01 -15"><span class='ocrx_word' id='word_1_122' title='bbox 153 1568 351 1628; x_wconf 87' lang='lat' dir='ltr'><strong>sacerdotales</strong></span> <span class='ocrx_word' id='word_1_123' title='bbox 372 1566 452 1643; x_wconf 88' lang='lat' dir='ltr'><strong>ludi).</strong></span> 
     </span>
    </p>

    <p class='ocr_par' dir='ltr' id='par_1_5' title="bbox 224 1669 1405 1748">
     <span class='ocr_line' id='line_1_14' title="bbox 224 1669 1405 1748; baseline 0.001 -20"><span class='ocrx_word' id='word_1_124' title='bbox 224 1671 360 1729; x_wconf 72' lang='lat' dir='ltr'><strong>Rectius</strong></span> <span class='ocrx_word' id='word_1_125' title='bbox 387 1669 593 1748; x_wconf 83' lang='lat' dir='ltr'><strong>Part-Adject.</strong></span> <span class='ocrx_word' id='word_1_126' title='bbox 620 1687 672 1746; x_wconf 89' lang='lat' dir='ltr'><strong>per</strong></span> <span class='ocrx_word' id='word_1_127' title='bbox 698 1669 920 1728; x_wconf 89' lang='lat' dir='ltr'><strong>translationem</strong></span> <span class='ocrx_word' id='word_1_128' title='bbox 948 1669 986 1728; x_wconf 89' lang='lat' dir='ltr'><strong>de</strong></span> <span class='ocrx_word' id='word_1_129' title='bbox 1008 1686 1097 1744; x_wconf 89' lang='lat' dir='ltr'><strong>opere</strong></span> <span class='ocrx_word' id='word_1_130' title='bbox 1128 1670 1275 1745; x_wconf 90' lang='lat' dir='ltr'><strong>scriptoris</strong></span> <span class='ocrx_word' id='word_1_131' title='bbox 1301 1671 1405 1729; x_wconf 90' lang='lat' dir='ltr'><strong>dicitur</strong></span> 
     </span>
    </p>
   </div>
   <div class='ocr_carea' id='block_1_3' title="bbox 151 1769 1525 1849">
    <p class='ocr_par' dir='ltr' id='par_1_6' title="bbox 151 1769 1525 1849">
     <span class='ocr_line' id='line_1_15' title="bbox 151 1769 1525 1849; baseline 0.001 -18"><span class='ocrx_word' id='word_1_132' title='bbox 151 1790 222 1849; x_wconf 92' lang='lat' dir='ltr'><strong>pro:</strong></span> <span class='ocrx_word' id='word_1_133' title='bbox 255 1773 348 1831; x_wconf 81' lang='lat' dir='ltr'><strong>brevis</strong></span> <span class='ocrx_word' id='word_1_134' title='bbox 370 1787 409 1843; x_wconf 91' lang='grc'><em>2,-</em></span> <span class='ocrx_word' id='word_1_135' title='bbox 422 1772 474 1845; x_wconf 78' lang='lat'><strong>80,</strong></span> <span class='ocrx_word' id='word_1_136' title='bbox 501 1789 527 1831; x_wconf 89' lang='lat'><strong>1:</strong></span> <span class='ocrx_word' id='word_1_137' title='bbox 559 1789 597 1830; x_wconf 92' lang='lat' dir='ltr'><strong>ne</strong></span> <span class='ocrx_word' id='word_1_138' title='bbox 622 1771 653 1829; x_wconf 93' lang='lat' dir='ltr'><strong>in</strong></span> <span class='ocrx_word' id='word_1_139' title='bbox 675 1771 772 1846; x_wconf 87' lang='lat' dir='ltr'><strong>operis</strong></span> <span class='ocrx_word' id='word_1_140' title='bbox 795 1770 913 1846; x_wconf 92' lang='lat' dir='ltr'><strong>quidem</strong></span> <span class='ocrx_word' id='word_1_141' title='bbox 933 1771 1002 1846; x_wconf 86' lang='lat' dir='ltr'><strong>justi</strong></span> <span class='ocrx_word' id='word_1_142' title='bbox 1024 1769 1161 1841; x_wconf 90' lang='lat' dir='ltr'><strong>materia,</strong></span> <span class='ocrx_word' id='word_1_143' title='bbox 1190 1770 1299 1828; x_wconf 89' lang='lat' dir='ltr'><strong>nedum</strong></span> <span class='ocrx_word' id='word_1_144' title='bbox 1321 1771 1405 1848; x_wconf 88' lang='lat' dir='ltr'><strong>hujus</strong></span> <span class='ocrx_word' id='word_1_145' title='bbox 1520 1827 1525 1832; x_wconf 91' lang='lat'><strong>.</strong></span> 
     </span>
    </p>
   </div>
   <div class='ocr_carea' id='block_1_4' title="bbox 72 1866 1483 4486">
    <p class='ocr_par' dir='ltr' id='par_1_7' title="bbox 95 1866 1483 2152">
     <span class='ocr_line' id='line_1_16' title="bbox 95 1866 1404 1950; baseline -0.002 -18"><span class='ocrx_word' id='word_1_146' title='bbox 95 1881 98 1888; x_wconf 84' lang='lat'>&#39;</span> <span class='ocrx_word' id='word_1_147' title='bbox 154 1883 216 1932; x_wconf 90' lang='lat' dir='ltr'><strong>tam</strong></span> <span class='ocrx_word' id='word_1_148' title='bbox 243 1875 327 1934; x_wconf 85' lang='lat' dir='ltr'><strong>recisi</strong></span> <span class='ocrx_word' id='word_1_149' title='bbox 354 1874 443 1950; x_wconf 87' lang='lat' dir='ltr'><strong>digne</strong></span> <span class='ocrx_word' id='word_1_150' title='bbox 468 1874 590 1949; x_wconf 88' lang='lat' dir='ltr'><strong>exprimi</strong></span> <span class='ocrx_word' id='word_1_151' title='bbox 616 1866 728 1946; x_wconf 80' lang='lat' dir='ltr'><strong>potest.¹</strong></span> <span class='ocrx_word' id='word_1_152' title='bbox 765 1870 811 1930; x_wconf 86' lang='lat' dir='ltr'><strong>Cf.</strong></span> <span class='ocrx_word' id='word_1_153' title='bbox 834 1871 907 1929; x_wconf 93' lang='lat' dir='ltr'><strong>Plin.</strong></span> <span class='ocrx_word' id='word_1_154' title='bbox 931 1889 977 1946; x_wconf 87' lang='lat' dir='ltr'><strong>ep.</strong></span> <span class='ocrx_word' id='word_1_155' title='bbox 1002 1887 1028 1941; x_wconf 88' lang='lat'><strong>1,</strong></span> <span class='ocrx_word' id='word_1_156' title='bbox 1051 1887 1104 1942; x_wconf 90' lang='lat'><strong>20,</strong></span> <span class='ocrx_word' id='word_1_157' title='bbox 1126 1870 1158 1929; x_wconf 91' lang='lat'><strong>8:</strong></span> <span class='ocrx_word' id='word_1_158' title='bbox 1190 1890 1227 1931; x_wconf 91' lang='lat' dir='ltr'><strong>ea</strong></span> <span class='ocrx_word' id='word_1_159' title='bbox 1256 1873 1404 1945; x_wconf 22' lang='lat' dir='ltr'><strong>recisa‘et</strong></span> 
     </span>
     <span class='ocr_line' id='line_1_17' title="bbox 151 1963 1483 2050; baseline 0.002 -18"><span class='ocrx_word' id='word_1_160' title='bbox 151 1983 312 2050; x_wconf 86' lang='lat' dir='ltr'><strong>repurgata</strong></span> <span class='ocrx_word' id='word_1_161' title='bbox 337 1977 368 2033; x_wconf 92' lang='lat' dir='ltr'><strong>in</strong></span> <span class='ocrx_word' id='word_1_162' title='bbox 396 1992 486 2032; x_wconf 88' lang='lat' dir='ltr'><strong>unum</strong></span> <span class='ocrx_word' id='word_1_163' title='bbox 513 1973 619 2032; x_wconf 91' lang='lat' dir='ltr'><strong>librum</strong></span> <span class='ocrx_word' id='word_1_164' title='bbox 642 1981 803 2032; x_wconf 87' lang='lat' dir='ltr'><strong>coartasse.</strong></span> <span class='ocrx_word' id='word_1_165' title='bbox 847 1972 895 2031; x_wconf 83' lang='lat' dir='ltr'><strong>Ad</strong></span> <span class='ocrx_word' id='word_1_166' title='bbox 914 1980 1036 2048; x_wconf 89' lang='lat' dir='ltr'><strong>tempus</strong></span> <span class='ocrx_word' id='word_1_167' title='bbox 1063 1974 1187 2033; x_wconf 87' lang='lat' dir='ltr'><strong>refertur</strong></span> <span class='ocrx_word' id='word_1_168' title='bbox 1208 1974 1288 2050; x_wconf 88' lang='lat' dir='ltr'><strong>apud</strong></span> <span class='ocrx_word' id='word_1_169' title='bbox 1310 1963 1430 2034; x_wconf 75' lang='lat' dir='ltr'><strong>Hadr.¹</strong></span> <span class='ocrx_word' id='word_1_170' title='bbox 1481 2016 1483 2022; x_wconf 49' lang='lat'>=</span> 
     </span>
     <span class='ocr_line' id='line_1_18' title="bbox 150 2075 710 2152; baseline -0.007 -17"><span class='ocrx_word' id='word_1_171' title='bbox 150 2077 219 2152; x_wconf 87' lang='lat' dir='ltr'><strong>imp.</strong></span> <span class='ocrx_word' id='word_1_172' title='bbox 243 2095 290 2152; x_wconf 93' lang='lat' dir='ltr'><strong>ap.</strong></span> <span class='ocrx_word' id='word_1_173' title='bbox 314 2075 441 2135; x_wconf 90' lang='lat' dir='ltr'><strong>Callistr.</strong></span> <span class='ocrx_word' id='word_1_174' title='bbox 464 2075 522 2150; x_wconf 91' lang='lat' dir='ltr'><strong>dig.</strong></span> <span class='ocrx_word' id='word_1_175' title='bbox 546 2089 592 2150; x_wconf 89' lang='lat'><strong>47,</strong></span> <span class='ocrx_word' id='word_1_176' title='bbox 615 2091 660 2142; x_wconf 93' lang='grc'><strong>21,</strong></span> <span class='ocrx_word' id='word_1_177' title='bbox 684 2090 710 2131; x_wconf 94' lang='grc'><em>2.</em></span> 
     </span>
    </p>

    <p class='ocr_par' dir='ltr' id='par_1_8' title="bbox 149 2169 1405 2466">
     <span class='ocr_line' id='line_1_19' title="bbox 236 2169 1405 2259; baseline 0 -24"><span class='ocrx_word' id='word_1_178' title='bbox 236 2177 424 2256; x_wconf 79' lang='lat' dir='ltr'><strong>Subresectur</strong></span> <span class='ocrx_word' id='word_1_179' title='bbox 449 2169 554 2252; x_wconf 75' lang='grc' dir='ltr'>(ἅπαξ</span> <span class='ocrx_word' id='word_1_180' title='bbox 579 2169 782 2259; x_wconf 81' lang='grc' dir='ltr'><strong>εἰρημένον),</strong></span> <span class='ocrx_word' id='word_1_181' title='bbox 804 2175 842 2234; x_wconf 93' lang='lat' dir='ltr'><strong>ab</strong></span> <span class='ocrx_word' id='word_1_182' title='bbox 864 2176 1004 2234; x_wconf 88' lang='lat' dir='ltr'><strong>inusitato</strong></span> <span class='ocrx_word' id='word_1_183' title='bbox 1030 2178 1120 2236; x_wconf 91' lang='lat' dir='ltr'><strong>verbo</strong></span> <span class='ocrx_word' id='word_1_184' title='bbox 1146 2177 1299 2236; x_wconf 88' lang='lat' dir='ltr'><strong>subreficio</strong></span> <span class='ocrx_word' id='word_1_185' title='bbox 1331 2176 1405 2236; x_wconf 88' lang='lat' dir='ltr'><strong>deri·</strong></span> 
     </span>
     <span class='ocr_line' id='line_1_20' title="bbox 149 2277 1404 2356; baseline 0.002 -21"><span class='ocrx_word' id='word_1_186' title='bbox 149 2286 249 2336; x_wconf 90' lang='lat' dir='ltr'><strong>vatum</strong></span> <span class='ocrx_word' id='word_1_187' title='bbox 267 2277 451 2355; x_wconf 86' lang='lat' dir='ltr'><strong>adjectivum,</strong></span> <span class='ocrx_word' id='word_1_188' title='bbox 470 2296 524 2354; x_wconf 94' lang='lat' dir='ltr'><strong>pro</strong></span> <span class='ocrx_word' id='word_1_189' title='bbox 542 2281 689 2352; x_wconf 79' lang='lat' dir='ltr'><strong>aliquanto</strong></span> <span class='ocrx_word' id='word_1_190' title='bbox 706 2278 813 2356; x_wconf 80' lang='lat' dir='ltr'><strong>refecto</strong></span> <span class='ocrx_word' id='word_1_191' title='bbox 831 2286 928 2337; x_wconf 86' lang='lat' dir='ltr'><strong>exstat</strong></span> <span class='ocrx_word' id='word_1_192' title='bbox 941 2293 965 2348; x_wconf 92' lang='grc'><em>2,</em></span> <span class='ocrx_word' id='word_1_193' title='bbox 983 2293 1041 2352; x_wconf 81' lang='lat'>123,</span> <span class='ocrx_word' id='word_1_194' title='bbox 1060 2294 1090 2352; x_wconf 84' lang='lat'><strong>3:</strong></span> <span class='ocrx_word' id='word_1_195' title='bbox 1109 2278 1290 2337; x_wconf 87' lang='lat' dir='ltr'><strong>subrelectus</strong></span> <span class='ocrx_word' id='word_1_196' title='bbox 1308 2280 1404 2354; x_wconf 90' lang='lat' dir='ltr'><strong>primo</strong></span> 
     </span>
     <span class='ocr_line' id='line_1_21' title="bbox 152 2378 909 2466; baseline 0.003 -30"><span class='ocrx_word' id='word_1_197' title='bbox 152 2388 312 2454; x_wconf 89' lang='lat' dir='ltr'><strong>conspectu</strong></span> <span class='ocrx_word' id='word_1_198' title='bbox 334 2378 524 2466; x_wconf 87' lang='lat' dir='ltr'><strong>alloquioque</strong></span> <span class='ocrx_word' id='word_1_199' title='bbox 545 2379 693 2438; x_wconf 51' lang='lat' dir='ltr'><strong>carissimi¹</strong></span> <span class='ocrx_word' id='word_1_200' title='bbox 709 2379 763 2437; x_wconf 91' lang='lat' dir='ltr'><strong>sibi</strong></span> <span class='ocrx_word' id='word_1_201' title='bbox 785 2380 909 2455; x_wconf 93' lang='lat' dir='ltr'><strong>spiritus.</strong></span> 
     </span>
    </p>

    <p class='ocr_par' dir='ltr' id='par_1_9' title="bbox 151 2477 1405 2758">
     <span class='ocr_line' id='line_1_22' title="bbox 244 2477 1404 2557; baseline 0.002 -20"><span class='ocrx_word' id='word_1_202' title='bbox 244 2481 410 2539; x_wconf 80' lang='lat' dir='ltr'><strong>Teutonicus</strong></span> <span class='ocrx_word' id='word_1_203' title='bbox 428 2482 446 2538; x_wconf 89' lang='lat' dir='ltr'><strong>i.</strong></span> <span class='ocrx_word' id='word_1_204' title='bbox 466 2499 492 2542; x_wconf 88' lang='lat' dir='ltr'><strong>e.</strong></span> <span class='ocrx_word' id='word_1_205' title='bbox 511 2480 550 2540; x_wconf 91' lang='lat' dir='ltr'><strong>ad</strong></span> <span class='ocrx_word' id='word_1_206' title='bbox 569 2480 723 2539; x_wconf 87' lang='lat' dir='ltr'><strong>Teutonos</strong></span> <span class='ocrx_word' id='word_1_207' title='bbox 741 2481 889 2554; x_wconf 88' lang='lat' dir='ltr'><strong>pertinens</strong></span> <span class='ocrx_word' id='word_1_208' title='bbox 906 2495 932 2549; x_wconf 91' lang='grc'><strong>2,</strong></span> <span class='ocrx_word' id='word_1_209' title='bbox 952 2496 1013 2550; x_wconf 88' lang='lat'>120,</span> <span class='ocrx_word' id='word_1_210' title='bbox 1033 2484 1065 2539; x_wconf 83' lang='lat' dir='ltr'><strong>o:</strong></span> <span class='ocrx_word' id='word_1_211' title='bbox 1088 2477 1235 2557; x_wconf 87' lang='lat' dir='ltr'><strong>(hostium)</strong></span> <span class='ocrx_word' id='word_1_212' title='bbox 1256 2482 1306 2557; x_wconf 89' lang='lat' dir='ltr'><strong>qui</strong></span> <span class='ocrx_word' id='word_1_213' title='bbox 1324 2482 1404 2541; x_wconf 91' lang='lat' dir='ltr'><strong>Cim-</strong></span> 
     </span>
     <span class='ocr_line' id='line_1_23' title="bbox 151 2579 1405 2657; baseline 0.002 -19"><span class='ocrx_word' id='word_1_214' title='bbox 151 2582 262 2639; x_wconf 89' lang='lat' dir='ltr'><strong>bricam</strong></span> <span class='ocrx_word' id='word_1_215' title='bbox 281 2581 538 2657; x_wconf 86' lang='lat' dir='ltr'><strong>Teutonicamque</strong></span> <span class='ocrx_word' id='word_1_216' title='bbox 555 2581 688 2639; x_wconf 91' lang='lat' dir='ltr'><strong>militiam</strong></span> <span class='ocrx_word' id='word_1_217' title='bbox 706 2579 810 2639; x_wconf 90' lang='lat' dir='ltr'><strong>Italiae</strong></span> <span class='ocrx_word' id='word_1_218' title='bbox 833 2581 1022 2639; x_wconf 88' lang='lat' dir='ltr'><strong>minabantur</strong></span> <span class='ocrx_word' id='word_1_219' title='bbox 1043 2579 1120 2656; x_wconf 81' lang='lat' dir='ltr'><strong>(Val.</strong></span> <span class='ocrx_word' id='word_1_220' title='bbox 1139 2581 1220 2639; x_wconf 88' lang='lat' dir='ltr'><strong>Max.</strong></span> <span class='ocrx_word' id='word_1_221' title='bbox 1240 2583 1297 2653; x_wconf 86' lang='lat' dir='ltr'><strong>bis;</strong></span> <span class='ocrx_word' id='word_1_222' title='bbox 1316 2581 1405 2642; x_wconf 90' lang='lat' dir='ltr'><strong>Clau·</strong></span> 
     </span>
     <span class='ocr_line' id='line_1_24' title="bbox 151 2677 1176 2758; baseline 0.002 -19"><span class='ocrx_word' id='word_1_223' title='bbox 151 2682 229 2740; x_wconf 91' lang='lat' dir='ltr'><strong>dian.</strong></span> <span class='ocrx_word' id='word_1_224' title='bbox 252 2683 282 2740; x_wconf 93' lang='lat' dir='ltr'><strong>in</strong></span> <span class='ocrx_word' id='word_1_225' title='bbox 304 2682 427 2758; x_wconf 91' lang='lat' dir='ltr'><strong>Eutrop.</strong></span> <span class='ocrx_word' id='word_1_226' title='bbox 450 2682 507 2751; x_wconf 87' lang='lat' dir='ltr'><strong>bis;</strong></span> <span class='ocrx_word' id='word_1_227' title='bbox 531 2681 662 2740; x_wconf 88' lang='lat' dir='ltr'><strong>Frontin.</strong></span> <span class='ocrx_word' id='word_1_228' title='bbox 686 2697 713 2755; x_wconf 89' lang='lat'><strong>1,</strong></span> <span class='ocrx_word' id='word_1_229' title='bbox 735 2696 765 2750; x_wconf 88' lang='lat'><strong>2,</strong></span> <span class='ocrx_word' id='word_1_230' title='bbox 789 2677 821 2749; x_wconf 87' lang='grc'><em>6;</em></span> <span class='ocrx_word' id='word_1_231' title='bbox 844 2681 930 2756; x_wconf 88' lang='lat' dir='ltr'><strong>Prop.</strong></span> <span class='ocrx_word' id='word_1_232' title='bbox 954 2691 984 2741; x_wconf 95' lang='lat' dir='ltr'><strong>et</strong></span> <span class='ocrx_word' id='word_1_233' title='bbox 1005 2680 1176 2758; x_wconf 88' lang='lat' dir='ltr'><strong>Mart.).·-</strong></span> 
     </span>
    </p>

    <p class='ocr_par' dir='ltr' id='par_1_10' title="bbox 151 2781 1403 2968">
     <span class='ocr_line' id='line_1_25' title="bbox 236 2781 1403 2860; baseline 0.003 -18"><span class='ocrx_word' id='word_1_234' title='bbox 236 2782 405 2843; x_wconf 91' lang='lat' dir='ltr'><strong>Nonnulla</strong></span> <span class='ocrx_word' id='word_1_235' title='bbox 428 2783 536 2841; x_wconf 89' lang='lat' dir='ltr'><strong>deinde</strong></span> <span class='ocrx_word' id='word_1_236' title='bbox 553 2781 683 2858; x_wconf 87' lang='lat' dir='ltr'><strong>Vellejus</strong></span> <span class='ocrx_word' id='word_1_237' title='bbox 707 2781 850 2859; x_wconf 84' lang='lat' dir='ltr'><strong>adjectiva</strong></span> <span class='ocrx_word' id='word_1_238' title='bbox 872 2781 962 2841; x_wconf 90' lang='lat' dir='ltr'><strong>habet</strong></span> <span class='ocrx_word' id='word_1_239' title='bbox 982 2800 1145 2860; x_wconf 89' lang='lat' dir='ltr'><strong>eorumque</strong></span> <span class='ocrx_word' id='word_1_240' title='bbox 1167 2785 1403 2860; x_wconf 87' lang='lat' dir='ltr'><strong>significationes,</strong></span> 
     </span>
     <span class='ocr_line' id='line_1_26' title="bbox 151 2879 1339 2968; baseline 0.002 -28"><span class='ocrx_word' id='word_1_241' title='bbox 151 2900 228 2958; x_wconf 90' lang='lat' dir='ltr'><strong>quae</strong></span> <span class='ocrx_word' id='word_1_242' title='bbox 250 2885 329 2959; x_wconf 89' lang='lat' dir='ltr'><strong>apud</strong></span> <span class='ocrx_word' id='word_1_243' title='bbox 351 2885 514 2960; x_wconf 89' lang='lat' dir='ltr'><strong>superiores</strong></span> <span class='ocrx_word' id='word_1_244' title='bbox 537 2891 641 2960; x_wconf 88' lang='lat' dir='ltr'><strong>poetas</strong></span> <span class='ocrx_word' id='word_1_245' title='bbox 664 2883 842 2959; x_wconf 88' lang='lat' dir='ltr'><strong>frequentius</strong></span> <span class='ocrx_word' id='word_1_246' title='bbox 864 2879 1063 2943; x_wconf 86' lang='lat' dir='ltr'><strong>inveniuntur:</strong></span> <span class='ocrx_word' id='word_1_247' title='bbox 1110 2962 1113 2968; x_wconf 68' lang='lat'>,</span> <span class='ocrx_word' id='word_1_248' title='bbox 1337 2955 1339 2959; x_wconf 86' lang='lat'><strong>.</strong></span> 
     </span>
    </p>

    <p class='ocr_par' dir='ltr' id='par_1_11' title="bbox 148 2969 1464 3162">
     <span class='ocr_line' id='line_1_27' title="bbox 235 2969 1464 3060; baseline 0.003 -18"><span class='ocrx_word' id='word_1_249' title='bbox 235 2986 368 3044; x_wconf 80' lang='lat' dir='ltr'><strong>Actiacas</strong></span> <span class='ocrx_word' id='word_1_250' title='bbox 390 2986 408 3043; x_wconf 92' lang='lat' dir='ltr'><strong>i.</strong></span> <span class='ocrx_word' id='word_1_251' title='bbox 427 3002 453 3043; x_wconf 89' lang='lat' dir='ltr'><strong>e.</strong></span> <span class='ocrx_word' id='word_1_252' title='bbox 476 2985 514 3044; x_wconf 90' lang='lat' dir='ltr'><strong>ad</strong></span> <span class='ocrx_word' id='word_1_253' title='bbox 532 2985 651 3043; x_wconf 81' lang='lat' dir='ltr'><strong>Actium</strong></span> <span class='ocrx_word' id='word_1_254' title='bbox 673 2985 776 3042; x_wconf 90' lang='lat' dir='ltr'><strong>urbem</strong></span> <span class='ocrx_word' id='word_1_255' title='bbox 798 2986 946 3060; x_wconf 90' lang='lat' dir='ltr'><strong>pertinens</strong></span> <span class='ocrx_word' id='word_1_256' title='bbox 968 3001 993 3055; x_wconf 87' lang='lat'><strong>2,</strong></span> <span class='ocrx_word' id='word_1_257' title='bbox 1012 2985 1059 3057; x_wconf 86' lang='lat'><strong>86,</strong></span> <span class='ocrx_word' id='word_1_258' title='bbox 1080 3003 1109 3056; x_wconf 86' lang='lat'><strong>2;</strong></span> <span class='ocrx_word' id='word_1_259' title='bbox 1131 3004 1158 3058; x_wconf 88' lang='lat'><strong>2,</strong></span> <span class='ocrx_word' id='word_1_260' title='bbox 1178 2986 1224 3058; x_wconf 89' lang='lat'><strong>88,</strong></span> <span class='ocrx_word' id='word_1_261' title='bbox 1246 3004 1270 3046; x_wconf 93' lang='lat'><strong>1:</strong></span> <span class='ocrx_word' id='word_1_262' title='bbox 1294 2969 1403 3046; x_wconf 90' lang='lat' dir='ltr'><strong>bellum</strong></span> <span class='ocrx_word' id='word_1_263' title='bbox 1462 3056 1464 3060; x_wconf 23' lang='lat'>¹</span> 
     </span>
     <span class='ocr_line' id='line_1_28' title="bbox 148 3082 749 3162; baseline -0.002 -18"><span class='ocrx_word' id='word_1_264' title='bbox 148 3082 229 3160; x_wconf 83' lang='lat' dir='ltr'><strong>(Ov.,</strong></span> <span class='ocrx_word' id='word_1_265' title='bbox 254 3087 358 3161; x_wconf 67' lang='lat' dir='ltr'><strong>Verg„</strong></span> <span class='ocrx_word' id='word_1_266' title='bbox 381 3085 455 3144; x_wconf 89' lang='lat' dir='ltr'><strong>Plin.</strong></span> <span class='ocrx_word' id='word_1_267' title='bbox 476 3087 558 3162; x_wconf 66' lang='lat' dir='ltr'><strong>maj„</strong></span> <span class='ocrx_word' id='word_1_268' title='bbox 582 3085 668 3155; x_wconf 65' lang='lat' dir='ltr'><strong>Tac„</strong></span> <span class='ocrx_word' id='word_1_269' title='bbox 692 3085 749 3160; x_wconf 82' lang='lat' dir='ltr'><strong>aL).</strong></span> 
     </span>
    </p>

    <p class='ocr_par' dir='ltr' id='par_1_12' title="bbox 72 3185 1404 3367">
     <span class='ocr_line' id='line_1_29' title="bbox 188 3185 1404 3270; baseline 0.002 -24"><span class='ocrx_word' id='word_1_270' title='bbox 188 3267 189 3270; x_wconf 62' lang='lat'>,</span> <span class='ocrx_word' id='word_1_271' title='bbox 238 3186 345 3261; x_wconf 84' lang='lat' dir='ltr'><strong>Capax</strong></span> <span class='ocrx_word' id='word_1_272' title='bbox 372 3187 507 3246; x_wconf 89' lang='lat' dir='ltr'><strong>absolute</strong></span> <span class='ocrx_word' id='word_1_273' title='bbox 535 3186 640 3245; x_wconf 90' lang='lat' dir='ltr'><strong>dicitur</strong></span> <span class='ocrx_word' id='word_1_274' title='bbox 671 3202 698 3256; x_wconf 89' lang='lat'><strong>1,</strong></span> <span class='ocrx_word' id='word_1_275' title='bbox 726 3185 775 3256; x_wconf 91' lang='grc'><strong>62,</strong></span> <span class='ocrx_word' id='word_1_276' title='bbox 804 3202 833 3244; x_wconf 93' lang='lat'><strong>2:</strong></span> <span class='ocrx_word' id='word_1_277' title='bbox 865 3188 987 3262; x_wconf 90' lang='lat' dir='ltr'><strong>capacia</strong></span> <span class='ocrx_word' id='word_1_278' title='bbox 1017 3189 1137 3263; x_wconf 88' lang='lat' dir='ltr'><strong>ingenia</strong></span> <span class='ocrx_word' id='word_1_279' title='bbox 1164 3191 1306 3265; x_wconf 87' lang='lat' dir='ltr'><strong>cujusque</strong></span> <span class='ocrx_word' id='word_1_280' title='bbox 1332 3189 1404 3248; x_wconf 91' lang='lat' dir='ltr'><strong>clari</strong></span> 
     </span>
     <span class='ocr_line' id='line_1_30' title="bbox 72 3287 1403 3367; baseline -0.002 -17"><span class='ocrx_word' id='word_1_281' title='bbox 72 3354 74 3358; x_wconf 17' lang='lat'><strong><em>⁴</em></strong></span> <span class='ocrx_word' id='word_1_282' title='bbox 149 3292 244 3367; x_wconf 89' lang='lat' dir='ltr'><strong>operis</strong></span> <span class='ocrx_word' id='word_1_283' title='bbox 265 3288 340 3366; x_wconf 89' lang='lat' dir='ltr'><strong>(Ov.,</strong></span> <span class='ocrx_word' id='word_1_284' title='bbox 364 3290 448 3361; x_wconf 73' lang='lat' dir='ltr'><strong>Hor,</strong></span> <span class='ocrx_word' id='word_1_285' title='bbox 471 3289 568 3358; x_wconf 73' lang='lat' dir='ltr'><strong>Luca,</strong></span> <span class='ocrx_word' id='word_1_286' title='bbox 592 3288 640 3348; x_wconf 91' lang='lat' dir='ltr'><strong>Sil.</strong></span> <span class='ocrx_word' id='word_1_287' title='bbox 664 3288 740 3357; x_wconf 84' lang='lat' dir='ltr'><strong>Ital,</strong></span> <span class='ocrx_word' id='word_1_288' title='bbox 764 3287 839 3347; x_wconf 88' lang='lat' dir='ltr'><strong>Plio.</strong></span> <span class='ocrx_word' id='word_1_289' title='bbox 863 3290 965 3359; x_wconf 88' lang='lat' dir='ltr'><strong>ambo,</strong></span> <span class='ocrx_word' id='word_1_290' title='bbox 993 3289 1031 3346; x_wconf 89' lang='lat' dir='ltr'><strong>cl.</strong></span> <span class='ocrx_word' id='word_1_291' title='bbox 1053 3289 1161 3348; x_wconf 86' lang='lat' dir='ltr'><strong>Klotaii</strong></span> <span class='ocrx_word' id='word_1_292' title='bbox 1183 3289 1265 3348; x_wconf 84' lang='lat' dir='ltr'><strong>lexic.</strong></span> <span class='ocrx_word' id='word_1_293' title='bbox 1289 3290 1403 3365; x_wconf 84' lang='lat' dir='ltr'><strong>Latin).</strong></span> 
     </span>
    </p>

    <p class='ocr_par' dir='ltr' id='par_1_13' title="bbox 150 3390 1424 3672">
     <span class='ocr_line' id='line_1_31' title="bbox 232 3390 1404 3467; baseline 0.001 -17"><span class='ocrx_word' id='word_1_294' title='bbox 232 3393 402 3451; x_wconf 78' lang='lat' dir='ltr'><strong>Da&#39;stractus</strong></span> <span class='ocrx_word' id='word_1_295' title='bbox 424 3393 442 3449; x_wconf 91' lang='lat' dir='ltr'><strong>i.</strong></span> <span class='ocrx_word' id='word_1_296' title='bbox 464 3409 487 3450; x_wconf 84' lang='lat' dir='ltr'><strong>s.</strong></span> <span class='ocrx_word' id='word_1_297' title='bbox 511 3409 539 3467; x_wconf 91' lang='lat' dir='ltr'><strong>q.</strong></span> <span class='ocrx_word' id='word_1_298' title='bbox 563 3392 684 3466; x_wconf 79' lang='lat' dir='ltr'><strong>nagotai&#39;s</strong></span> <span class='ocrx_word' id='word_1_299' title='bbox 707 3396 907 3463; x_wconf 81' lang='lat' dir='ltr'><strong>occupatura,</strong></span> <span class='ocrx_word' id='word_1_300' title='bbox 931 3396 993 3462; x_wconf 83' lang='grc'><em>114,</em></span> <span class='ocrx_word' id='word_1_301' title='bbox 1019 3407 1044 3448; x_wconf 87' lang='grc'><strong>1;</strong></span> <span class='ocrx_word' id='word_1_302' title='bbox 1068 3398 1222 3466; x_wconf 90' lang='lat' dir='ltr'><strong>tamquam</strong></span> <span class='ocrx_word' id='word_1_303' title='bbox 1245 3390 1404 3451; x_wconf 87' lang='lat' dir='ltr'><strong>distractis·</strong></span> 
     </span>
     <span class='ocr_line' id='line_1_32' title="bbox 151 3489 1424 3569; baseline -0.002 -16"><span class='ocrx_word' id='word_1_304' title='bbox 151 3495 241 3554; x_wconf 90' lang='lat' dir='ltr'><strong>simus</strong></span> <span class='ocrx_word' id='word_1_305' title='bbox 264 3494 312 3552; x_wconf 90' lang='lat' dir='ltr'><strong>ille</strong></span> <span class='ocrx_word' id='word_1_306' title='bbox 334 3500 483 3552; x_wconf 88' lang='lat' dir='ltr'><strong>tantomm</strong></span> <span class='ocrx_word' id='word_1_307' title='bbox 507 3510 629 3569; x_wconf 90' lang='lat' dir='ltr'><strong>operum</strong></span> <span class='ocrx_word' id='word_1_308' title='bbox 652 3491 730 3549; x_wconf 91' lang='lat' dir='ltr'><strong>mole</strong></span> <span class='ocrx_word' id='word_1_309' title='bbox 748 3491 815 3549; x_wconf 92' lang='lat' dir='ltr'><strong>huic</strong></span> <span class='ocrx_word' id='word_1_310' title='bbox 833 3492 1020 3566; x_wconf 88' lang='lat' dir='ltr'><strong>uninegotio</strong></span> <span class='ocrx_word' id='word_1_311' title='bbox 1037 3499 1157 3551; x_wconf 90' lang='lat' dir='ltr'><strong>vacaret</strong></span> <span class='ocrx_word' id='word_1_312' title='bbox 1174 3492 1289 3552; x_wconf 89' lang='lat' dir='ltr'><strong>animus</strong></span> <span class='ocrx_word' id='word_1_313' title='bbox 1307 3489 1403 3567; x_wconf 88' lang='lat' dir='ltr'><strong>(Lucr.</strong></span> <span class='ocrx_word' id='word_1_314' title='bbox 1422 3508 1424 3512; x_wconf 56' lang='lat'><strong><em>⁴</em></strong></span> 
     </span>
     <span class='ocr_line' id='line_1_33' title="bbox 150 3593 1197 3672; baseline -0.001 -18"><span class='ocrx_word' id='word_1_315' title='bbox 150 3612 178 3669; x_wconf 88' lang='lat'><strong>4,</strong></span> <span class='ocrx_word' id='word_1_316' title='bbox 202 3593 255 3672; x_wconf 81' lang='lat'><strong>691</strong></span> <span class='ocrx_word' id='word_1_317' title='bbox 279 3595 327 3654; x_wconf 92' lang='lat' dir='ltr'><strong>ed.</strong></span> <span class='ocrx_word' id='word_1_318' title='bbox 348 3593 485 3665; x_wconf 67' lang='lat' dir='ltr'><strong>Lachmt:</strong></span> <span class='ocrx_word' id='word_1_319' title='bbox 510 3604 539 3654; x_wconf 89' lang='lat' dir='ltr'><strong>et</strong></span> <span class='ocrx_word' id='word_1_320' title='bbox 561 3595 678 3654; x_wconf 90' lang='lat' dir='ltr'><strong>divisior</strong></span> <span class='ocrx_word' id='word_1_321' title='bbox 699 3595 774 3652; x_wconf 90' lang='lat' dir='ltr'><strong>inter</strong></span> <span class='ocrx_word' id='word_1_322' title='bbox 796 3612 828 3651; x_wconf 90' lang='lat' dir='ltr'><strong>se</strong></span> <span class='ocrx_word' id='word_1_323' title='bbox 850 3611 887 3652; x_wconf 91' lang='lat' dir='ltr'><strong>ac</strong></span> <span class='ocrx_word' id='word_1_324' title='bbox 908 3593 1074 3653; x_wconf 88' lang='lat' dir='ltr'><strong>distractior</strong></span> <span class='ocrx_word' id='word_1_325' title='bbox 1096 3593 1197 3671; x_wconf 92' lang='lat' dir='ltr'><strong>actus).</strong></span> 
     </span>
    </p>

    <p class='ocr_par' dir='ltr' id='par_1_14' title="bbox 87 3695 1443 4486">
     <span class='ocr_line' id='line_1_34' title="bbox 237 3695 1401 3774; baseline -0.002 -18"><span class='ocrx_word' id='word_1_326' title='bbox 237 3696 380 3756; x_wconf 77' lang='lat' dir='ltr'><strong>Genitalis</strong></span> <span class='ocrx_word' id='word_1_327' title='bbox 402 3697 483 3773; x_wconf 83' lang='lat' dir='ltr'><strong>apud</strong></span> <span class='ocrx_word' id='word_1_328' title='bbox 504 3706 608 3772; x_wconf 87' lang='lat' dir='ltr'><strong>poetas</strong></span> <span class='ocrx_word' id='word_1_329' title='bbox 627 3696 791 3772; x_wconf 90' lang='lat' dir='ltr'><strong>superiores</strong></span> <span class='ocrx_word' id='word_1_330' title='bbox 809 3697 867 3752; x_wconf 89' lang='lat' dir='ltr'><strong>vim</strong></span> <span class='ocrx_word' id='word_1_331' title='bbox 886 3695 975 3754; x_wconf 89' lang='lat' dir='ltr'><strong>habet</strong></span> <span class='ocrx_word' id='word_1_332' title='bbox 993 3697 1143 3771; x_wconf 91' lang='lat' dir='ltr'><strong>gignendi,</strong></span> <span class='ocrx_word' id='word_1_333' title='bbox 1166 3703 1199 3755; x_wconf 93' lang='lat' dir='ltr'><strong>ut</strong></span> <span class='ocrx_word' id='word_1_334' title='bbox 1218 3696 1297 3774; x_wconf 89' lang='lat' dir='ltr'><strong>apud</strong></span> <span class='ocrx_word' id='word_1_335' title='bbox 1315 3697 1401 3755; x_wconf 94' lang='lat' dir='ltr'><strong>Lucr.</strong></span> 
     </span>
     <span class='ocr_line' id='line_1_35' title="bbox 148 3792 1402 3876; baseline 0 -19"><span class='ocrx_word' id='word_1_336' title='bbox 148 3816 177 3870; x_wconf 91' lang='lat'><strong>2,</strong></span> <span class='ocrx_word' id='word_1_337' title='bbox 201 3799 237 3857; x_wconf 91' lang='grc'><strong>62</strong></span> <span class='ocrx_word' id='word_1_338' title='bbox 260 3807 289 3856; x_wconf 86' lang='grc'><strong>61</strong></span> <span class='ocrx_word' id='word_1_339' title='bbox 312 3796 367 3856; x_wconf 95' lang='lat' dir='ltr'><strong>Ov.</strong></span> <span class='ocrx_word' id='word_1_340' title='bbox 390 3807 460 3858; x_wconf 91' lang='lat' dir='ltr'><strong>met.</strong></span> <span class='ocrx_word' id='word_1_341' title='bbox 485 3814 533 3875; x_wconf 88' lang='lat'><strong>15,</strong></span> <span class='ocrx_word' id='word_1_342' title='bbox 556 3816 612 3876; x_wconf 81' lang='lat'><strong>239</strong></span> <span class='ocrx_word' id='word_1_343' title='bbox 634 3797 776 3874; x_wconf 87' lang='lat' dir='ltr'><strong>genitalia</strong></span> <span class='ocrx_word' id='word_1_344' title='bbox 799 3815 924 3872; x_wconf 91' lang='lat' dir='ltr'><strong>corpora</strong></span> <span class='ocrx_word' id='word_1_345' title='bbox 951 3806 1031 3856; x_wconf 57' lang='lat' dir='ltr'><strong>sunt&gt;</strong></span> <span class='ocrx_word' id='word_1_346' title='bbox 1046 3792 1204 3868; x_wconf 71' lang='lat' dir='ltr'><strong>elementa,</strong></span> <span class='ocrx_word' id='word_1_347' title='bbox 1226 3816 1269 3856; x_wconf 82' lang='lat' dir='ltr'><strong>ex</strong></span> <span class='ocrx_word' id='word_1_348' title='bbox 1296 3798 1402 3873; x_wconf 91' lang='lat' dir='ltr'><strong>quibus</strong></span> 
     </span>
     <span class='ocr_line' id='line_1_36' title="bbox 148 3898 1401 3975; baseline -0.002 -16"><span class='ocrx_word' id='word_1_349' title='bbox 148 3899 249 3959; x_wconf 90' lang='lat' dir='ltr'><strong>omnia</strong></span> <span class='ocrx_word' id='word_1_350' title='bbox 271 3900 433 3975; x_wconf 88' lang='lat' dir='ltr'><strong>gignuntur</strong></span> <span class='ocrx_word' id='word_1_351' title='bbox 455 3908 485 3958; x_wconf 92' lang='lat' dir='ltr'><strong>et</strong></span> <span class='ocrx_word' id='word_1_352' title='bbox 507 3902 586 3975; x_wconf 91' lang='lat' dir='ltr'><strong>apud</strong></span> <span class='ocrx_word' id='word_1_353' title='bbox 601 3902 691 3975; x_wconf 91' lang='lat' dir='ltr'><strong>Verg.</strong></span> <span class='ocrx_word' id='word_1_354' title='bbox 710 3916 813 3974; x_wconf 82' lang='lat' dir='ltr'><strong>georg.</strong></span> <span class='ocrx_word' id='word_1_355' title='bbox 836 3914 862 3968; x_wconf 91' lang='grc'><em>2,</em></span> <span class='ocrx_word' id='word_1_356' title='bbox 881 3914 936 3974; x_wconf 84' lang='lat'><strong>324</strong></span> <span class='ocrx_word' id='word_1_357' title='bbox 958 3898 1095 3956; x_wconf 91' lang='lat' dir='ltr'><strong>dicuntur</strong></span> <span class='ocrx_word' id='word_1_358' title='bbox 1117 3899 1256 3973; x_wconf 82' lang='lat' dir='ltr'><strong>genitalia</strong></span> <span class='ocrx_word' id='word_1_359' title='bbox 1278 3900 1401 3959; x_wconf 89' lang='lat' dir='ltr'><strong>semina.</strong></span> 
     </span>
     <span class='ocr_line' id='line_1_37' title="bbox 140 4000 1401 4096; baseline -0.001 -37"><span class='ocrx_word' id='word_1_360' title='bbox 140 4003 229 4096; x_wconf 70' lang='lat' dir='ltr'><strong>Jnter</strong></span> <span class='ocrx_word' id='word_1_361' title='bbox 251 4001 337 4060; x_wconf 90' lang='lat' dir='ltr'><strong>solut.</strong></span> <span class='ocrx_word' id='word_1_362' title='bbox 361 4010 435 4060; x_wconf 88' lang='lat' dir='ltr'><strong>orat.</strong></span> <span class='ocrx_word' id='word_1_363' title='bbox 458 4001 613 4077; x_wconf 89' lang='lat' dir='ltr'><strong>scriptores</strong></span> <span class='ocrx_word' id='word_1_364' title='bbox 635 4002 747 4077; x_wconf 87' lang='lat' dir='ltr'><strong>primus</strong></span> <span class='ocrx_word' id='word_1_365' title='bbox 768 4018 839 4058; x_wconf 89' lang='lat' dir='ltr'><strong>usus</strong></span> <span class='ocrx_word' id='word_1_366' title='bbox 860 4009 906 4058; x_wconf 90' lang='lat' dir='ltr'><strong>est</strong></span> <span class='ocrx_word' id='word_1_367' title='bbox 933 4000 991 4059; x_wconf 93' lang='lat' dir='ltr'><strong>hoc</strong></span> <span class='ocrx_word' id='word_1_368' title='bbox 1018 4000 1162 4079; x_wconf 89' lang='lat' dir='ltr'><strong>adjectivo</strong></span> <span class='ocrx_word' id='word_1_369' title='bbox 1185 4001 1312 4077; x_wconf 88' lang='lat' dir='ltr'><strong>Vellejus</strong></span> <span class='ocrx_word' id='word_1_370' title='bbox 1335 4018 1401 4077; x_wconf 88' lang='lat' dir='ltr'><strong>pro:</strong></span> 
     </span>
     <span class='ocr_line' id='line_1_38' title="bbox 149 4100 1443 4180; baseline -0.002 -16"><span class='ocrx_word' id='word_1_371' title='bbox 149 4108 255 4165; x_wconf 81' lang='lat' dir='ltr'><strong>natalis</strong></span> <span class='ocrx_word' id='word_1_372' title='bbox 278 4121 303 4177; x_wconf 89' lang='lat'><strong>2,</strong></span> <span class='ocrx_word' id='word_1_373' title='bbox 327 4119 351 4180; x_wconf 87' lang='lat'><strong>7,</strong></span> <span class='ocrx_word' id='word_1_374' title='bbox 375 4117 406 4180; x_wconf 93' lang='lat'><strong>7:</strong></span> <span class='ocrx_word' id='word_1_375' title='bbox 428 4122 497 4163; x_wconf 90' lang='lat' dir='ltr'><strong>cum</strong></span> <span class='ocrx_word' id='word_1_376' title='bbox 519 4105 649 4163; x_wconf 90' lang='lat' dir='ltr'><strong>viderent</strong></span> <span class='ocrx_word' id='word_1_377' title='bbox 669 4112 753 4163; x_wconf 88' lang='lat' dir='ltr'><strong>tanto</strong></span> <span class='ocrx_word' id='word_1_378' title='bbox 775 4103 969 4178; x_wconf 90' lang='lat' dir='ltr'><strong>potentiorem</strong></span> <span class='ocrx_word' id='word_1_379' title='bbox 992 4102 1073 4177; x_wconf 93' lang='lat' dir='ltr'><strong>Tyro</strong></span> <span class='ocrx_word' id='word_1_380' title='bbox 1096 4100 1320 4176; x_wconf 83' lang='lat' dir='ltr'><strong>Carthaginem,</strong></span> <span class='ocrx_word' id='word_1_381' title='bbox 1345 4101 1401 4178; x_wconf 92' lang='lat' dir='ltr'><strong>Cy·</strong></span> <span class='ocrx_word' id='word_1_382' title='bbox 1440 4126 1443 4145; x_wconf 73' lang='lat'><strong><em>¹</em></strong></span> 
     </span>
     <span class='ocr_line' id='line_1_39' title="bbox 87 4189 1401 4283; baseline -0.002 -19"><span class='ocrx_word' id='word_1_383' title='bbox 87 4231 90 4241; x_wconf 66' lang='lat'><strong>.</strong></span> <span class='ocrx_word' id='word_1_384' title='bbox 118 4220 120 4225; x_wconf 84' lang='lat'>·</span> <span class='ocrx_word' id='word_1_385' title='bbox 149 4207 243 4266; x_wconf 88' lang='lat' dir='ltr'><strong>zicum</strong></span> <span class='ocrx_word' id='word_1_386' title='bbox 265 4224 301 4265; x_wconf 88' lang='lat' dir='ltr'><strong>ac</strong></span> <span class='ocrx_word' id='word_1_387' title='bbox 318 4205 493 4283; x_wconf 88' lang='lat' dir='ltr'><strong>Byzantium</strong></span> <span class='ocrx_word' id='word_1_388' title='bbox 511 4204 614 4264; x_wconf 91' lang='lat' dir='ltr'><strong>Mileto</strong></span> <span class='ocrx_word' id='word_1_389' title='bbox 636 4206 758 4279; x_wconf 89' lang='lat' dir='ltr'><strong>genitali</strong></span> <span class='ocrx_word' id='word_1_390' title='bbox 781 4205 845 4263; x_wconf 90' lang='lat' dir='ltr'><strong>solo</strong></span> <span class='ocrx_word' id='word_1_391' title='bbox 867 4201 1076 4279; x_wconf 88' lang='lat' dir='ltr'><strong>(‚Mutterland,</strong></span> <span class='ocrx_word' id='word_1_392' title='bbox 1096 4199 1294 4278; x_wconf 87' lang='lat' dir='ltr'><strong>Vaterstadt‘).</strong></span> <span class='ocrx_word' id='word_1_393' title='bbox 1325 4189 1401 4263; x_wconf 80' lang='lat' dir='ltr'><strong>Item</strong></span> 
     </span>
     <span class='ocr_line' id='line_1_40' title="bbox 147 4303 1399 4390; baseline -0.002 -24"><span class='ocrx_word' id='word_1_394' title='bbox 147 4308 276 4383; x_wconf 89' lang='lat' dir='ltr'><strong>genitale</strong></span> <span class='ocrx_word' id='word_1_395' title='bbox 303 4308 398 4368; x_wconf 89' lang='lat' dir='ltr'><strong>solum</strong></span> <span class='ocrx_word' id='word_1_396' title='bbox 425 4307 585 4366; x_wconf 87' lang='lat' dir='ltr'><strong>invenitur:</strong></span> <span class='ocrx_word' id='word_1_397' title='bbox 616 4307 727 4390; x_wconf 45' lang='lat' dir='ltr'><strong>Amm2</strong></span> <span class='ocrx_word' id='word_1_398' title='bbox 744 4303 837 4363; x_wconf 85' lang='lat' dir='ltr'><strong>Marc.</strong></span> <span class='ocrx_word' id='word_1_399' title='bbox 863 4318 902 4379; x_wconf 89' lang='lat'><strong>17,</strong></span> <span class='ocrx_word' id='word_1_400' title='bbox 921 4307 970 4374; x_wconf 69' lang='grc'><strong>412,</strong></span> <span class='ocrx_word' id='word_1_401' title='bbox 993 4320 1038 4373; x_wconf 89' lang='grc'><strong>21;</strong></span> <span class='ocrx_word' id='word_1_402' title='bbox 1066 4303 1199 4363; x_wconf 86' lang='lat' dir='ltr'><strong>Cassiod.</strong></span> <span class='ocrx_word' id='word_1_403' title='bbox 1223 4322 1284 4362; x_wconf 91' lang='lat' dir='ltr'><strong>var.</strong></span> <span class='ocrx_word' id='word_1_404' title='bbox 1313 4322 1339 4376; x_wconf 92' lang='lat'><strong>1,</strong></span> <span class='ocrx_word' id='word_1_405' title='bbox 1363 4321 1399 4378; x_wconf 89' lang='lat'><strong>42</strong></span> 
     </span>
     <span class='ocr_line' id='line_1_41' title="bbox 147 4403 1400 4486; baseline -0.004 -18"><span class='ocrx_word' id='word_1_406' title='bbox 147 4416 177 4468; x_wconf 90' lang='lat' dir='ltr'><strong>et</strong></span> <span class='ocrx_word' id='word_1_407' title='bbox 203 4423 253 4484; x_wconf 85' lang='lat'><strong>43;</strong></span> <span class='ocrx_word' id='word_1_408' title='bbox 281 4410 400 4486; x_wconf 88' lang='lat' dir='ltr'><strong>Vopisc.</strong></span> <span class='ocrx_word' id='word_1_409' title='bbox 422 4409 493 4467; x_wconf 83' lang='lat' dir='ltr'><strong>Aur.</strong></span> <span class='ocrx_word' id='word_1_410' title='bbox 521 4425 551 4483; x_wconf 83' lang='lat'><strong>3,</strong></span> <span class='ocrx_word' id='word_1_411' title='bbox 574 4424 599 4466; x_wconf 88' lang='lat'><strong>2.</strong></span> <span class='ocrx_word' id='word_1_412' title='bbox 644 4403 780 4466; x_wconf 89' lang='lat' dir='ltr'><strong>Similiter</strong></span> <span class='ocrx_word' id='word_1_413' title='bbox 807 4407 911 4465; x_wconf 88' lang='lat' dir='ltr'><strong>dicitur</strong></span> <span class='ocrx_word' id='word_1_414' title='bbox 938 4405 1075 4481; x_wconf 88' lang='lat' dir='ltr'><strong>genitalis</strong></span> <span class='ocrx_word' id='word_1_415' title='bbox 1102 4406 1186 4465; x_wconf 90' lang='lat' dir='ltr'><strong>sedes</strong></span> <span class='ocrx_word' id='word_1_416' title='bbox 1209 4423 1277 4481; x_wconf 89' lang='lat' dir='ltr'><strong>pro:</strong></span> <span class='ocrx_word' id='word_1_417' title='bbox 1305 4407 1400 4483; x_wconf 89' lang='lat' dir='ltr'><strong>patria</strong></span> 
     </span>
    </p>
   </div>
   <div class='ocr_carea' id='block_1_5' title="bbox 0 0 1558 5040">
    <p class='ocr_par' dir='ltr' id='par_1_15' title="bbox 0 0 1558 5040">
     <span class='ocr_line' id='line_1_42' title="bbox 0 0 1558 5040; baseline 0 0"><span class='ocrx_word' id='word_1_418' title='bbox 0 0 1558 5040; x_wconf 95' lang='lat' dir='ltr'><strong> </strong></span> 
     </span>
    </p>
   </div>
  </div>
 </body>
</html>
