3106 5040
670 301 791 361 ...45
836 317 875 327 ...-

149 471 255 549 Velleji
273 472 486 546 interpretibus,
509 481 540 530 ut
562 491 580 531 a
598 473 684 552 Janio
705 482 735 532 et
752 474 888 544 Krausio,
911 493 964 552 pro
982 474 1113 550 genitivo
1128 475 1299 534 substantivi
1318 483 1400 534 aetus

151 572 287 631 habitum
308 581 338 633 et
360 592 427 633 cum
450 575 572 643 ,incesti
594 576 782 654 conjunctum
804 595 868 636 esse
890 576 975 636 valde
997 577 1094 635 miror.
1299 560 1301 563 ’

232 675 410 751 Aggregere
435 685 577 752 sequente
604 677 710 754 duplici
737 680 905 738 accusativo
932 694 961 748 2,
989 693 1037 754 53,
1066 693 1104 735 12.
1127 694 1201 753 quos
1230 679 1351 738 comites
1373 681 1399 738 ei

150 777 269 836 iortuna
291 786 515 853 aggregaverat.

137 955 140 959 ¹
236 879 361 953 Alioqui,
380 896 437 937 vox
459 897 526 938 raro
549 897 568 939 a
590 880 736 941 veteribus
758 881 946 959 scriptoribus
968 890 1109 958 usurpata
1131 879 1179 959 (cl.
1203 880 1262 939 Cic.
1285 880 1400 940 Cluent.

147 979 190 1050 61,
216 994 282 1055 170;
305 981 362 1039 hoc
380 997 440 1038 uno
457 979 525 1038 loco
543 982 572 1039 in
594 983 775 1042 orationibus
794 983 907 1059 exstat),
925 1003 943 1044 a
961 966 1148 1059 scriptoribus
1166 1001 1275 1042 aureae
1293 984 1399 1041 aetatis

148 1082 331 1158 frequentata
361 1089 414 1141 est.
460 1082 535 1142 Veil.
563 1099 588 1154 2,
616 1081 661 1154 62,
689 1098 720 1159 5:
751 1084 860 1161 alloqui
884 1085 989 1145 milites
1017 1083 1092 1159 (Sen.
1114 1083 1197 1161 phil,
1225 1084 1297 1142 Plin.
1320 1086 1397 1160 maj,

147 1183 258 1257 Quint,
282 1182 364 1254 Tac,
383 1183 480 1260 Suet).
795 1186 797 1191 '

235 1287 343 1344 Artere
368 1284 471 1346 latiore
494 1287 706 1362 significatione
733 1286 836 1346 dicitur
863 1305 917 1365 pro
944 1286 1132 1363 restringere,
1155 1290 1310 1363 angustent
1331 1289 1402 1362 elqd

138 1388 248 1466 secere
265 1404 451 1464 quacumque
468 1389 581 1447 ratione
599 1388 771 1464 plerumque
789 1389 818 1447 in
837 1389 938 1464 partic.
957 1387 1029 1464 pers.
1048 1405 1125 1463 pass.
1143 1397 1254 1447 artatus
1265 1405 1286 1458 1,
1308 1387 1349 1455 16,
1369 1405 1397 1446 2:

147 1494 277 1548 artatum
299 1488 440 1565 spatium3
465 1505 486 1559 1,
511 1489 553 1559 16,
576 1504 606 1565 5:
629 1490 704 1548 adeo
727 1498 855 1549 artatum
877 1491 1019 1565 angustiis
1042 1500 1221 1567 temporum,
1249 1498 1281 1548 ut
1308 1509 1396 1548 nemo

148 1590 254 1666 dignus
276 1597 345 1660 etc.;
369 1606 393 1656 2,
419 1605 462 1660 10,
485 1607 514 1649 2:
540 1593 582 1651 ita
604 1600 699 1651 artata
720 1610 842 1650 numero
865 1591 999 1661 felicitas3
1026 1607 1051 1661 2,
1076 1590 1123 1660 86,
1149 1606 1175 1650 1:
1202 1593 1266 1668 quis
1288 1593 1318 1650 in
1342 1592 1398 1652 hoc
1477 1654 1478 1657 ,

146 1701 314 1752 transcursu
336 1700 399 1751 tam
418 1693 505 1751 artati
528 1694 623 1770 operis
641 1694 802 1770 exprimere
821 1691 947 1752 audeat?
983 1692 1028 1753 Cf.
1037 1693 1099 1751 Liv.
1110 1709 1155 1769 45,
1174 1692 1220 1770 36,
1240 1711 1270 1769 31
1294 1696 1416 1753 contra'
1449 1725 1451 1730 .

147 1796 177 1854 in
199 1795 345 1871 praemiIs,
368 1795 398 1853 in
420 1795 578 1854 honoribus
599 1795 700 1855 omnia
722 1804 826 1855 artata.

230 1897 365 1954 Attollere
382 1897 567 1969 vocabulum,
586 1915 645 1973 quo
663 1898 780 1974 saepius
798 1907 905 1973 poetae
923 1904 953 1955 et
970 1897 1069 1981 Livius
1087 1896 1132 1954 usi
1150 1906 1226 1967 sunt,
1245 1917 1263 1956 a
1282 1897 1396 1974 Velleio

146 1999 287 2059 translata
310 2000 522 2074 significatione
542 2007 700 2085 'usurpatur
722 2017 775 2075 pro
797 2018 843 2073 eo,
864 2000 944 2076 quod
961 1998 1041 2075 apud
1059 1998 1232 2058 Ciceronem
1254 1998 1336 2073 (Phil.
1358 2016 1394 2068 11,

148 2117 189 2174 14,
212 2098 260 2178 36)
282 2110 331 2160 661
349 2118 455 2160 ornare
478 2116 503 2178 2,
529 2100 575 2176 65,
604 2118 629 2160 1:
660 2109 772 2178 quanto
794 2100 943 2160 Ciceronis
971 2100 1068 2160 studio
1089 2100 1195 2160 Brutus
1219 2100 1395 2178 Cassiusque

145 2203 347 2262 attollerentur
370 2200 490 2281 (Quint,
509 2202 591 2269 Tac..
614 2203 656 2262 Pl.
678 2199 744 2278 ep).
940 2207 942 2210 '

230 2306 343 2364 Audere
369 2305 439 2382 alqi
465 2322 490 2375 2,
517 2321 562 2379 24,
587 2313 665 2376 13'2,
688 2319 734 2380 47,
764 2320 789 2376 13
821 2321 846 2376 2,
869 2304 915 2382 56,
938 2320 972 2380 4;
1000 2321 1025 2377 2,
1049 2304 1092 2376 61,
1121 2322 1132 2363 1
1160 2302 1290 2380 (Poetae,
1317 2305 1395 2373 Sall..

80 2390 82 2393 ¹
147 2405 217 2478 Liv.,
235 2405 327 2485 Tae).
358 2406 461 2466 Cicero
482 2407 539 2466 hoc
557 2408 732 2466 vocabulum
754 2402 906 2486 conjungit
923 2427 990 2467 cum
1013 2408 1161 2469 infinitivo.
1173 2439 1212 2448 —
1223 2427 1312 2465 eurus
1329 2424 1396 2483 pas·

147 2508 210 2566 siva
227 2510 254 2566 vi
276 2509 416 2585 accipitur
434 2510 513 2585 apud
531 2511 656 2585 primum
675 2509 821 2588 Vellejum
839 2526 863 2579 2,
887 2509 935 2580 80,
958 2526 989 2585 3:
1013 2528 1072 2568 non
1090 2527 1109 2568 a
1126 2508 1307 2585 Scipionibus
1317 2509 1398 2584 quic·

116 2595 118 2598 ’
148 2628 238 2686 quam
256 2629 360 2670 ausum
378 2619 586 2688 patratumque
605 2610 705 2670 fortius
724 2607 814 2687 quam
832 2619 902 2670 tunc
920 2631 938 2670 a
956 2611 1098 2680 Caesare3
1117 2627 1141 2681 2,
1151 2610 1197 2686 56,
1208 2627 1240 2684 4:
1259 2609 1396 2668 omnibus
1431 2617 1433 2632 ’

147 2711 290 2772 audendis
311 2714 521 2788 paratissimus
566 2711 611 2771 Cf.
638 2711 713 2771 Tac.
740 2731 809 2771 ann.
836 2728 866 2786 3,
890 2712 939 2787 67:
968 2696 1046 2772 ausis
1072 2712 1111 2771 ad
1134 2711 1292 2793 Caesarem
1316 2711 1396 2770 codi·.

146 2814 225 2878 ciliis·
255 2816 342 2892 Apud
352 2816 413 2875 Liv.
423 2832 469 2891 36,
480 2815 506 2886 8,
517 2816 545 2885 8,
556 2833 645 2891 quem
658 2815 756 2874 locuni
765 2815 897 2874 Klotzius
907 2816 1000 2885 affert,
1014 2833 1092 2874 nunc
1101 2815 1207 2889 legitur
1220 2815 1396 2885 ,audebant‘.

146 2917 204 2976 Pro
221 2919 403 2978 substantivo
421 2919 563 2995 participii
582 2925 718 2976 neutrum
736 2934 841 2976 ausum
860 2917 995 2994 frequens
1013 2927 1064 2990 est,
1083 2917 1120 2976 ci.
1130 2917 1215 2976 Neue
1232 2917 1272 2976 11.
1290 2936 1317 2992 p.
1331 2931 1397 2990 333.

231 3012 383 3078 auctorare
400 3037 466 3095 pro:
493 3021 705 3094 mercedealqd
717 3020 890 3098 faciendum
914 3023 1054 3094 suscipere
1071 3023 1118 3079 vel
1130 3031 1244 3096 parere
1257 3034 1281 3088 2,
1301 3033 1349 3092 3ο,
1370 3033 1395 3074 1:

148 3120 191 3179 M.
212 3121 368 3196 Perpenna
391 3121 445 3179 sibi
466 3122 663 3197 turpissimam
685 3130 809 3180 mortem
828 3123 957 3196 pessimo
979 3122 1141 3180 auctoravit
1159 3121 1297 3179 facinore.
1328 3119 1398 3176 Hoc

147 3222 322 3281 vocabulum
350 3222 405 3281 nisi
432 3222 607 3298 imperfecti
634 3223 739 3301 passivi
770 3221 865 3281 sorma
892 3241 953 3281 non
985 3221 1146 3281 admodum
1178 3222 1312 3296 frequens
1343 3228 1395 3279 est.

146 3323 242 3383 Semel
270 3332 367 3383 exstat
393 3323 455 3383 Liv.
483 3337 527 3400 37,
555 3335 605 3396 10,
627 3322 658 3393 8;
690 3322 796 3383 deinde
823 3318 902 3399 apud
925 3323 1009 3391 Hor,
1033 3323 1099 3382 Sen.
1121 3322 1197 3398 phil,
1221 3323 1292 3381 Plin.
1315 3323 1395 3398 maj,

147 3425 256 3499 Quint..
454 3432 457 3444 “
526 3439 529 3445 ’

236 3527 338 3587 Cedere
359 3547 412 3604 pro
434 3545 470 3587 eo
490 3528 600 3599 dicitur,
623 3527 703 3604 quod
726 3536 770 3586 est
793 3527 872 3602 apud
890 3525 1062 3586 Ciceronem
1079 3528 1232 3601 precedere
1257 3543 1282 3597 2,
1308 3543 1349 3600 14,
1370 3541 1399 3584 ιτ

148 3627 225 3685 bene
247 3630 352 3704 coepta
374 3631 452 3689 male
474 3629 632 3698 cedebant;
651 3646 675 3699 2,
701 3627 741 3699 18,
764 3645 794 3705 5:
818 3646 885 3687 cum
908 3629 983 3686 bene
1005 3629 1139 3687 consulta
1162 3629 1187 3687 ei
1210 3630 1288 3688 male
1310 3629 1397 3687 cede·

149 3738 214 3787 rent
236 3727 334 3805 (Poet,
358 3730 446 3789 Corn.
467 3730 553 3807 Nep,
575 3730 663 3807 Sall).

238 3828 409 3902 Coalescere,
437 3834 516 3908 quod
543 3832 580 3892 de
607 3832 746 3891 membris
772 3840 823 3891 aut
845 3832 1011 3898 vulneribus
1034 3833 1207 3890 coeuntibus
1233 3820 1396 3906 usurpatur,

149 3934 346 4010 metonymice
368 3941 463 3993 exstat
485 3949 509 4004 2,
533 3949 582 4008 90,
608 3951 635 3993 1:
657 3935 889 3994 coalescentibus
911 3934 951 3993 rei
974 3934 1108 4009 publicae
1126 3932 1277 4010 membris;
1303 3940 1401 3991 trans·

147 4036 207 4096 late
219 4037 323 4095 dicitur
332 4053 357 4112 2,
367 4034 413 4110 48,
425 4049 458 4110 5:
469 4026 659 4096 coalescentis
669 4035 856 4094 condiciones
866 4037 947 4112 pacis
956 4035 1089 4094 discussit
1098 4033 1178 4111 (Liv,
1188 4031 1400 4105 Quint.,Tac.).

237 4136 363 4197 Condere
380 4135 505 4214 (Graece
529 4133 657 4214 κτίζειν)
687 4137 818 4196 colonias
844 4138 1001 4197 insolenter
1028 4155 1047 4194 a
1074 4136 1186 4213 Vellejo
1214 4135 1317 4192 dicitur
1343 4152 1397 4209 pro
1434 4160 1436 4162 v

150 4242 257 4303 usitata
279 4240 426 4300 locutione
444 4239 589 4300 deducere
607 4239 739 4299 colonias
761 4235 806 4312 (cl.
825 4255 850 4310 2,
872 4257 912 4315 14,
933 4255 959 4310 1;
979 4239 1124 4298 deducere
1143 4239 1263 4298 colonos
1282 4254 1307 4308 2,
1326 4255 1352 4313 3,
1371 4238 1402 4311 31
1455 4290 1457 4295 ,

148 4343 197 4413 ita,
220 4352 253 4401 ut
274 4344 375 4419 imago
397 4343 475 4402 urbis
499 4343 672 4402 condendae
699 4341 798 4400 animo
821 4343 967 4418 scriptoris
994 4342 1150 4399 obversata
1175 4357 1240 4398 esse
1266 4340 1402 4398 videatur·

150 4460 171 4514 1,
196 4459 235 4522 15,
260 4462 285 4504 r:
309 4464 369 4505 non
387 4448 500 4508 vacavit
518 4445 659 4505 Romanis
682 4443 812 4502 colonias
834 4445 969 4504 condere.
1015 4443 1149 4502 Condere
1172 4443 1306 4514 insulam,
1330 4443 1349 4500 i.
1371 4460 1399 4499 e.
