3106 5040
670 298 877 374 ,09-

145 485 300 561 opinatum
326 484 493 544 tumultum.
543 482 587 542 Cf.
624 485 717 543 Hand
750 485 837 544 Turs.
865 487 888 544 I.
917 505 944 561 p.
974 501 1039 562 1o7;
1074 486 1234 561 Naegelsb.
1260 487 1311 544 lat.
1338 487 1398 546 Stil.

145 607 175 662 p.
198 602 258 661 346
280 582 335 659 (ed.
359 580 430 662 IV.).
464 617 503 627 -
534 587 689 645 Adversus.
734 587 954 662 Ingratissimus
977 587 1115 645 adversus
1137 588 1241 646 merita
1264 587 1399 647 Caesaris

134 673 174 759 2,
203 687 306 763 69,·1.
359 686 406 745 Cf.
433 687 500 746 Sen.
533 688 570 747 de
601 690 668 747 ben.
699 704 729 765 5,
757 704 785 764 7,
812 707 839 764 3.
875 722 918 732 —
956 688 1043 747 Circa
1078 689 1159 764 apud
1190 690 1336 766 Vellejum
1371 698 1400 748 et

149 791 254 848 deinde
276 790 392 864 saepius
415 789 494 864 apud
516 791 671 864 scriptores
694 807 756 864 arg.
780 798 874 849 aetat..
898 799 1054 865 usurpatur
1087 793 1109 864 1)
1131 790 1168 849 de
1195 799 1340 866 tempore,
1368 800 1400 849 ut

145 891 227 966 apud
249 889 364 947 Livium
386 898 416 948 et
438 898 555 966 poetas:
578 893 656 950 circa
678 892 758 968 quod
780 902 896 967 tempus
920 910 942 961 1,
966 892 993 961 6,
1016 907 1047 966 5;
1071 893 1149 950 circa
1171 892 1244 949 haec
1266 899 1400 967 tempora

148 1012 174 1061 1,
199 1009 247 1062 10,
272 991 308 1062 63-
333 993 411 1051 circa
433 992 539 1051 eadem
559 1000 697 1069 ,tempora
719 1011 747 1064 2,
771 992 803 1064 8,
829 1010 861 1063 2;
889 995 966 1052 circa
988 1000 1123 1068 tempora
1146 994 1352 1068 conjurationis
1375 1009 1400 1063 2,

145 1112 193 1170 93,
219 1111 246 1165 1;
270 1095 348 1152 circa
371 1113 408 1152 ea
430 1102 565 1169 tempora
587 1111 611 1164 2,
632 1111 676 1171 92,
697 1113 719 1153 1.
764 1094 789 1172 2)
811 1095 971 1153 Rarissime
993 1113 1044 1169 per
1066 1111 1169 1151 vocem
1190 1096 1268 1151 circa
1290 1096 1350 1152 vita
1373 1104 1402 1153 et
1489 1108 1492 1112 ·

146 1204 230 1255 aetas
254 1196 380 1254 hominis
404 1197 525 1272 alicujus
548 1197 589 1255 ita
608 1197 807 1272 designantur,
831 1204 863 1254 ut
883 1198 972 1271 ipsius
995 1215 1104 1254 nomen
1122 1212 1175 1270 pro
1194 1203 1326 1270 tempore
1348 1215 1401 1270 po·

147 1306 242 1366 natur,
265 1297 344 1354 velut
364 1315 386 1366 1,
407 1311 446 1372 17,
467 1314 492 1354 1:
515 1299 545 1356 in
563 1298 642 1356 Attio
660 1300 796 1374 circaque
813 1316 881 1356 eum
900 1298 1037 1356 Romana
1055 1297 1210 1371 tragoedia
1227 1305 1276 1375 est
1289 1296 1401 1370 (Quint.

149 1415 174 1469 2,
197 1415 225 1472 4,
249 1415 296 1471 41;
320 1415 346 1468 2,
370 1412 410 1471 17,
434 1412 464 1473 7;
489 1414 527 1468 12,
552 1415 597 1469 10,
621 1399 649 1458 6.
691 1399 738 1458 Cf.
762 1399 853 1457 Hand
875 1399 962 1457 Turs.
985 1399 1024 1457 Il.
1048 1419 1076 1474 p.
1099 1394 1157 1475 65).
1202 1401 1229 1475 3)
1254 1398 1340 1457 Circa
1363 1399 1402 1457 ad
1479 1387 1482 1393 ⁴

148 1498 390 1575 cognoscendum
409 1500 465 1558 loci
483 1500 636 1576 cujusdam
655 1501 741 1558 situm
760 1501 864 1559 dicitur
882 1519 935 1575 pro
954 1502 995 1558 ad
1009 1503 1054 1560 vel
1073 1505 1153 1576 apud
1164 1508 1194 1559 et
1212 1502 1285 1560 haec
1300 1501 1402 1559 omnia

151 1620 204 1678 pro
227 1604 267 1659 in.
308 1600 354 1660 Cf.
377 1601 500 1660 Walchii
523 1602 638 1660 emend.
661 1601 722 1660 Liv.
746 1622 774 1678 p.
797 1618 840 1678 25.
881 1603 1025 1678 Exempla
1048 1602 1203 1680 Vellejana
1226 1610 1293 1661 sunt
1315 1603 1401 1659 haec:

148 1705 226 1762 circa
248 1702 444 1762 Numantiam
470 1719 499 1773 2,
523 1721 555 1776 4,
579 1719 607 1774 2;
635 1705 713 1763 circa
740 1704 904 1763 Fidentiam
931 1721 960 1774 2,
983 1705 1033 1775 28,
1059 1722 1084 1775 1;
1112 1707 1191 1764 circa
1218 1704 1351 1762 Ciliciam
1376 1719 1400 1772 2,

150 1821 204 1879 32,
229 1821 262 1878 4;
287 1806 364 1863 circa
387 1804 514 1863 Thurios
539 1822 569 1875 2,
594 1802 646 1875 68,
670 1821 698 1875 2;
728 1805 804 1863 circa
827 1805 956 1864 Lesbum
980 1823 1007 1877 1,
1030 1822 1059 1876 2,
1083 1824 1099 1881 3
1122 1804 1275 1881 (hocloco
1298 1805 1403 1862 intelli·

151 1907 246 1980 gimus
268 1907 396 1965 Lesbum
420 1908 515 1982 ipsam
537 1915 566 1965 et
588 1908 790 1983 circumjectas
821 1907 953 1983 insulas);
981 1909 1060 1966 circa
1082 1908 1222 1967 Picenum
1244 1925 1349 1981 agrum
1374 1923 1401 1976 2,

149 2022 190 2074 21,
212 2024 237 2077 1;
260 2009 337 2066 circa
356 2008 528 2082 multiplices
547 2007 658 2067 Piraeei
677 2016 777 2083 portus
797 2025 824 2077 2,
843 2024 887 2082 23,
907 2026 923 2082 3
946 2005 993 2080 (cf.
1012 2010 1074 2067 Liv.
1093 2027 1134 2083 31,
1153 2027 1180 2084 3,
1199 2006 1233 2083 5).
1265 2007 1294 2083 4)
1315 2007 1402 2066 Circa

149 2128 204 2185 pro
222 2108 359 2168 adverbio
378 2118 473 2169 exstat
491 2127 515 2179 2,
535 2110 577 2180 81,
593 2127 625 2185 3:
643 2110 786 2185 templum
805 2111 948 2186 Apollinis
966 2121 996 2170 et
1014 2112 1091 2170 circa
1109 2113 1236 2188 porticus
1257 2112 1402 2170 facturum

150 2213 280 2286 promisit
303 2209 377 2287 (Ov.,
400 2213 471 2283 Liv,
495 2213 532 2271 cf.
551 2213 640 2272 Fabri
662 2213 700 2270 ad
718 2212 780 2271 Liv.
799 2229 839 2283 21,
859 2231 905 2288 43,
924 2209 963 2291 4).
987 2244 1026 2255 —-
1053 2212 1123 2271 Cum
1147 2222 1216 2272 ante
1238 2231 1401 2288 pronomen

149 2313 300 2370 relativum
319 2315 447 2388 positum
465 2322 509 2372 est
529 2332 551 2383 1,
568 2331 611 2383 12,
627 2314 658 2373 6:
678 2333 747 2372 cum
764 2332 837 2390 qua;
857 2331 881 2384 2,
896 2314 940 2389 85,
955 2331 988 2387 4;
1010 2332 1078 2372 cum
1092 2333 1160 2390 qu0.
1187 2314 1232 2372 Cf.
1252 2313 1401 2373 Greefium

150 2415 179 2470 in
201 2414 345 2489 Philolog.
369 2416 425 2472 vol.
447 2416 573 2474 XXXII.
597 2435 625 2491 p.
649 2431 696 2491 711
720 2435 784 2492 sqq.
817 2448 856 2458 -
889 2416 980 2488 Queri
1002 2436 1063 2473 cum
1088 2416 1149 2475 deis
1171 2432 1200 2486 2,
1225 2431 1292 2490 130,
1316 2432 1346 2488 3,
1371 2423 1403 2472 ut

149 2515 206 2574 Ov.
234 2525 303 2574 met.
333 2532 380 2584 ro,
405 2531 473 2589 724:
505 2526 667 2592 questaque
694 2536 762 2575 cum
789 2518 868 2575 fatis.
913 2516 958 2576 Cf.
987 2516 1078 2574 Hand
1100 2516 1186 2574 Turs.
1214 2517 1253 2574 11.
1281 2535 1309 2590 p.
1335 2514 1400 2587 148;

72 2611 73 2614 ’
149 2617 308 2692 Naegelsb.
330 2615 381 2674 lat.
400 2616 461 2675 Stil.
484 2636 512 2692 p.
531 2633 585 2692 747
608 2614 662 2691 (ed.
681 2617 752 2692 1V.).
776 2649 815 2660 -
840 2618 895 2674 De.
926 2619 973 2675 De
995 2617 1136 2676 industria
1157 2620 1251 2676 rixam
1273 2618 1403 2694 injiciens

74 2740 77 2743 *
151 2737 172 2788 1,
197 2735 221 2788 2,
246 2736 269 2776 1.
305 2717 350 2776 Cf.
373 2717 464 2776 Hand
482 2719 569 2777 Turs.
593 2718 632 2779 II.
656 2738 683 2793 p.
703 2735 762 2793 219.
786 2750 826 2760 -
850 2719 961 2776 Extra.
989 2718 1093 2776 Extra
1116 2718 1270 2777 dilationes
1293 2720 1403 2793 positus

149 2837 174 2889 2,
194 2835 238 2896 79,
260 2838 281 2878 1.
307 2856 346 2865 -
368 2822 407 2878 In
426 2839 451 2878 c.
470 2839 533 2880 acc.
552 2820 697 2879 interdum
721 2821 878 2878 terminum
900 2821 1053 2893 significat,
1077 2820 1115 2878 ad
1133 2837 1221 2895 quem
1240 2838 1285 2878 res
1305 2819 1404 2895 aliqua

151 2923 328 2998 p‘roducitur,
352 2922 431 2998 qnod
451 2921 629 2980 Germanice·
652 2922 752 2981 dicunt
774 2923 828 2991 ,bis
850 2925 904 2991 zu‘,
928 2921 1006 2980 velut
1024 2922 1163 2980 dimicare
1180 2923 1210 2979 in
1229 2931 1354 2980 mortem
1378 2938 1402 2991 2,

150 3023 194 3098 85,
214 3040 242 3096 4.
279 3023 324 3083 Cf.
343 3022 416 3082 Tac.
435 3042 503 3081 ann.
527 3040 554 3096 4,
574 3040 623 3099 45:
646 3025 680 3082 L.
698 3024 836 3082 Pisonem
859 3023 979 3082 adortus
1002 3042 1062 3082 uno
1084 3024 1203 3081 vulnere
1225 3025 1254 3080 in
1277 3031 1403 3082 mortem

153 3127 272 3195 adfectu
298 3143 339 3198 14,
363 3125 393 3183 8:
417 3125 484 3185 lusti
507 3134 597 3200 caput
618 3127 681 3201 ejus
703 3123 813 3183 adflixit
836 3125 867 3181 in
890 3133 1025 3182 mortem.
1070 3123 1115 3182 Cf.
1139 3123 1231 3182 Hand
1253 3124 1340 3183 Turs.
1363 3125 1403 3182 II.

153 3247 181 3302 p.
205 3227 267 3302 316.
313 3227 350 3284 In
372 3228 490 3285 finalem
513 3226 664 3302 quandam
686 3225 745 3282 vim
767 3225 856 3283 habet
879 3226 908 3282 in
928 3225 1136 3295 locutionibus,
1164 3244 1240 3301 quae
1263 3235 1344 3284 sunt:
1374 3227 1404 3283 in

152 3329 207 3387 hoc
230 3345 254 3399 2,
278 3347 322 3402 41,
345 3347 362 3404 3
386 3326 458 3406 (Liv.
481 3344 524 3403 23,
549 3344 577 3396 2,
600 3344 632 3403 9;
655 3326 728 3384 Plin.
751 3343 798 3400 ep.
823 3341 845 3393 1,
866 3340 904 3400 17,
925 3320 967 3401 2);
991 3327 1020 3383 in
1044 3327 1072 3384 id
1095 3329 1189 3401 ipsum
1212 3343 1236 3395 2,
1256 3341 1298 3401 27,
1318 3341 1350 3398 43
1375 3327 1403 3384 in

151 3429 207 3488 hoc
233 3432 328 3489 solum
355 3429 383 3501 2,
408 3447 470 3503 114,
494 3445 518 3487 2.
563 3429 609 3489 Cf.
637 3426 730 3486 Hand
752 3425 838 3484 Turs.
862 3427 916 3484 Ill.
941 3447 970 3502 p.
993 3443 1059 3500 326.
1104 3428 1261 3487 Praeterea
1287 3428 1404 3501 dignae,

152 3549 229 3606 quae
252 3541 531 3602 commemorentur,
555 3531 717 3589 locutiones
740 3535 820 3608 sunt:
854 3529 883 3585 in
906 3529 1034 3602 gratiam
1056 3529 1126 3606 achs
1151 3546 1181 3598 2,
1206 3545 1255 3601 41,
1279 3545 1308 3599 2;
1331 3520 1404 3586 fides

152 3632 181 3688 in
204 3630 363 3690 Caesarem
385 3650 414 3703 2,
438 3651 487 3709 54,
513 3650 539 3702 1;
563 3635 731 3691 intantum
756 3647 781 3698 1,
808 3646 853 3702 13,
876 3645 906 3703 5;
929 3630 959 3686 in
982 3636 1111 3700 tantum,
1136 3639 1167 3688 ut
1191 3647 1222 3700 2,
1246 3647 1299 3705 30,
1323 3623 1361 3700 6;’
1378 3648 1404 3699 2,

151 3748 200 3806 53,
223 3748 254 3806 3;
277 3734 445 3793 intantum
468 3778 474 3792 .
499 3778 533 3793 ..
556 3778 564 3793 .
587 3735 617 3792 in
640 3739 783 3809 quantum
813 3747 838 3799 1,
862 3748 894 3805 9,
917 3746 949 3804 3;
973 3746 1002 3801 2,
1026 3749 1077 3806 43,
1101 3749 1132 3805 4;
1161 3733 1191 3790 in
1214 3740 1357 3808 quantum
1380 3747 1404 3800 2,

154 3849 214 3903 120,
240 3850 265 3902 1;
289 3835 319 3892 in
342 3845 564 3911 quantum...
585 3880 591 3894 .
614 3827 782 3894 intantum
806 3848 830 3901 2,
856 3849 913 3904 114,
936 3847 962 3906 5.
987 3864 1027 3874 -
1050 3835 1210 3909 perducere
1233 3834 1263 3892 in
1284 3833 1348 3902 hoc,
1372 3841 1404 3890 ut

151 3954 176 4005 2,
196 3936 243 4012 96,
268 3955 278 3994 1
302 3934 471 4012 (perducere
494 3939 558 4007 huc,
583 3947 614 3996 ut
636 3954 703 4006 2,1,
726 3935 760 4010 5).
784 3966 824 3978 -
846 3935 884 3992 In
907 3943 1050 4010 sequente
1073 3936 1162 3994 ablat.
1205 3935 1243 3991 In
1267 3951 1404 4008 procum

152 4055 177 4107 2,
201 4038 245 4112 87,
271 4056 296 4095 1:
320 4040 349 4096 in
372 4056 472 4097 morsu
495 4040 556 4114 ejus
578 4037 703 4113 (aspidis)
725 4037 856 4110 spiritum
878 4036 1011 4095 reddidit.
1057 4035 1101 4094 Cf.
1125 4036 1216 4094 Hand
1238 4034 1326 4093 Turs.
1350 4034 1404 4092 ΙΙΙ.

153 4160 180 4215 p.
200 4139 264 4215 263.
285 4171 324 4182 -
344 4139 464 4198 Venalis
482 4142 513 4196 in
531 4139 633 4196 omnia
651 4144 681 4194 et
700 4140 730 4193 in
749 4137 885 4194 omnibus
904 4154 928 4208 2,
948 4137 993 4211 83,
1008 4154 1033 4207 2,
1053 4155 1152 4196 rarum
1169 4137 1284 4194 dicendi
1302 4152 1404 4209 genus,

153 4242 270 4318 dequo
293 4242 428 4300 conferas
450 4241 531 4298 Kritz
554 4239 593 4297 ad
616 4238 690 4297 Vell.
713 4254 742 4307 2,
767 4236 818 4311 83,
841 4253 866 4295 2.
900 4271 940 4281 -
972 4239 1127 4315 Multiplex
1154 4241 1184 4296 r'n
1208 4238 1357 4295 virtutibus
1380 4253 1404 4305 2,

154 4359 218 4417 105,
244 4358 269 4419 2.
303 4376 343 4387 -
376 4342 483 4420 Eloqui
510 4345 539 4401 in
567 4341 697 4418 partibus
720 4356 749 4408 2,
775 4337 838 4408 126,
864 4355 875 4396 1
900 4338 1002 4416 (Hand
1024 4339 1110 4398 Turs.
1134 4339 1188 4397 III.
1212 4359 1240 4414 p.
1264 4337 1331 4413 277).
1364 4369 1404 4380 -

152 4443 254 4520 Infra.
278 4444 314 4502 Se
337 4445 432 4502 metiri
455 4446 543 4523 infra
567 4445 636 4520 alqd
659 4459 683 4514 2,
706 4455 753 4516 127
781 4458 809 4514 4.
833 4472 873 4484 -
896 4441 993 4520 Infra
1016 4460 1048 4500 se
1071 4441 1151 4518 alqm
1174 4443 1271 4500 videre
1289 4460 1342 4517 pro
1360 4458 1404 4509 e0,
